2430 4366
214 186 333 315 ,Liber
351 216 514 327 didono
534 218 749 310 Patientia.
788 214 791 219 ’
866 218 954 325 181'

125 422 149 485 i.
169 382 271 481 Primo
300 402 423 500 igitur
440 402 615 504 patientia
646 404 856 497 exercenda·
878 409 947 499 eu,
963 439 1119 507 pam-5

109 502 254 603 idrnobis
268 510 352 577 c'um
361 501 572 579 Deovirtus
587 503 650 579 ista
662 507 869 581 communis
887 506 948 595 est,
963 547 1019 589 nos
1031 525 1096 591 Deo
1118 524 1124 541 ‘

109 600 317 703 &patientia
340 601 486 699 incipit,
520 604 641 699 origo,
673 602 712 681 iit
735 605 950 699 magnitudo
964 604 1130 696 cmsomm

109 701 227 803 ¹fli'entiae
251 700 336 775 Deo·
358 700 502 776 audone
534 702 704 800 ptocedit.
754 702 948 801 Diligenda
1137 733 1140 739 ·

109 798 283 889 ezionini,
314 822 398 895 quoe
425 800 502 874 Deo
528 800 638 876 chara
666 800 726 877 est.
777 802 946 891 Bonum,

109 902 269 1079 munet,
293 898 461 997 Majems
475 899 597 974 divina
610 901 853 977 commendat.
904 902 945 979 Si

122 1014 126 1021 ·
155 1002 162 1017 '
181 1018 221 1073 us
235 996 359 1084 nobis,
382 995 421 1074 &
439 994 546 1073 Pater
563 998 662 1074 Deus
677 998 746 1088 est,
773 998 945 1101 sedemur

109 1096 249 1197 mutiam
272 1096 440 1182 Domini,
474 1098 609 1196 puriter
629 1097 667 1174 δι
687 1099 827 1187 Patris,
861 1101 945 1194 quia
1030 1104 1035 1119 '

109 1180 220 1277 imos
241 1209 383 1295 oportet
406 1194 475 1270 effe
503 1194 756 1293 obsequentes,
790 1197 829 1275 &
847 1198 945 1274 filios
1086 1266 1092 1277 .

109 1296 241 1375 mdeoet
264 1293 333 1370 eise
356 1294 562 1390 degeneres.
614 1296 741 1383 Qualis
765 1318 872 1385 vero,
901 1296 945 1373 'dc

109 1400 182 1489 [luti
198 1394 232 1469 in
250 1392 329 1469 Deo
395 1396 542 1481 tientia,
580 1394 678 1489 quod
698 1395 737 1471 in
755 1408 945 1471 contume-

109 1496 148 1567 ὴ
164 1490 222 1568 sure
238 1492 335 1591 Maje
363 1494 455 1581 atis,
485 1492 523 1569 <it
545 1493 694 1569 honoris
712 1493 873 1571 instituta
897 1496 944 1570 ab

109 1588 242 1669 mnibus
265 1592 416 1689 profana
442 1591 603 1689 templs,
640 1592 679 1669 dr
707 1594 850 1669 terrena
876 1591 944 1689 fig·

109 1698 186 1779 mn,
214 1690 251 1769 dr
273 1690 371 1767 sacra
392 1689 561 1787 sacrilega
580 1690 830 1787 patientissime
846 1690 944 1767 susti·

109 1802 156 1873 Μ,
174 1788 213 1865 su
256 1791 426 1880 rbonos,
451 1788 491 1866 dt
508 1788 625 1866 malos
645 1791 835 1887 aequaliter
852 1789 943 1867 facit

109 1896 140 1953 w
164 1912 213 1963 na
227 1890 282 1975 ci,
320 1888 359 1967 dr
383 1912 466 1983 cum
492 1890 670 1965 imbribus
694 1880 810 1965 ternis
834 1890 940 1985 rigat.
1088 1932 1092 1939 =

109 1970 213 2063 buius
222 1986 446 2087 inbpambili
457 1987 666 2085 aequalitate
679 1987 864 2087 patientioe
876 2012 942 2061 no·

109 2070 221 2187 iius,
250 2087 289 2164 dc
302 2089 485 2176 innoxiis,
517 2086 711 2182 religiosis,
744 2085 782 2163 dr
798 2086 940 2185 impiis,

109 2192 152 2253 'ts
178 2188 396 2283 agentibus,
420 2186 457 2263 δι
478 2187 630 2283 ingratis
647 2186 716 2261 Dei
734 2186 829 2261 nutd
847 2197 941 2261 tem·

127 2286 322 2382 obsequi,
358 2287 538 2361 elementa
571 2282 769 2373 famulari,
810 2284 942 2382 spirare

109 2398 145 2451 ts
167 2437 191 2472 ,
226 2385 348 2460 fontes
381 2384 517 2471 fluere,
553 2384 784 2480 grandescere
816 2384 939 2481 copias

109 2498 215 2570 lm,
245 2484 380 2560 frustus
405 2483 589 2559 mitescere
609 2485 817 2565 vinearum,
848 2506 939 2558 exu-

109 2598 125 2645 ὲ
184 2584 302 2680 pomis
327 2584 486 2672 arbusta,
521 2606 669 2658 nemora
692 2579 937 2668 frondescere,

121 2676 299 2756 florere:
334 2682 371 2756 ὅ(
387 2706 469 2756 cum
485 2682 640 2771 crebris,
664 2681 740 2756 imo
755 2677 937 2755 continuis

109 2780 267 2856 chetur-
302 2780 442 2856 offensrs
478 2781 605 2868 neus,
651 2780 936 2875 indignationem

138 2887 352 2977 temperat,
387 2879 677 2976 &praestitutum
702 2878 810 2955 semel
834 2877 937 2954 retri-

109 2978 194 3052 ›nis
206 2980 303 3054 diem
317 2980 493 3076 patienter
506 2978 686 3074 expediam
705 2999 860 3075 cumque
873 2977 939 3051 ha·

129 3072 182 3152 in
204 3078 374 3172 potestate
400 3077 609 3164 vindiiiam,
637 3076 777 3152 maurit
802 3076 864 3151 diu
884 3090 939 3149 te·

109 3178 377 3269 aperientium,
410 3174 599 3261 differens,
633 3190 693 3261 ut,
724 3175 849 3250 srfieri
873 3171 954 3271 poi

113 3275 288 3366 ,multum
304 3275 478 3372 protrasia
494 3275 630 3350 malitia
647 3276 840 3371 aliquando
857 3296 939 3347 mu·

109 3393 159 3461 ur,
188 3374 357 3450 &homo
380 3374 437 3448 vel
463 3373 538 3448 sero
563 3374 609 3447 ad
633 3375 830 3449 Dominum
851 3396 937 3446 con·
1062 3462 1064 3466 Α

109 3486 213 3560 ntur,
238 3473 313 3571 ipso
333 3485 520 3549 monente:
546 3472 636 3547 Nolo
651 3484 782 3546 mortem
799 3474 937 3545 morien·

133 3572 316 3658 sared-18.
363 3572 486 3668 Atque
517 3586 560 3647 ut
590 3574 731 3669 plenius
758 3570 937 3666 intelliga-

109 3693 140 3766 u,
167 3673 249 3770 quia
264 3671 438 3772 patientia
454 3671 521 3846 Dffii
543 3693 601 3746 res
616 3671 686 3763 est,
716 3668 754 3747 δι
775 3670 937 3841 quisqtliis

539 3798 560 3865 3
860 3821 886 3863 rr
901 3792 938 3843 e*
