2430 4366
34 126 41 149 Ἰ
77 150 83 155 ..
155 150 276 297 aso*
349 136 358 147 λ’
455 146 472 189 ⁵
506 189 548 280 8.
567 187 751 312 cypriant
819 262 822 267 .
981 274 984 289 .

150 377 375 501 ‘„dicuntnr,
407 373 519 472 pudet
537 375 649 453 etiarn
665 376 849 466 accusare,
879 396 966 477 quae
987 377 1015 457 fi‘

28 546 31 554 ·
98 477 376 671 :Astu
391 474 1015 685 ,trra-,mamma

154 676 307 771 „rafitos
325 674 504 764 sordidos,
529 676 622 775 ipsos
643 698 786 773 quoque
807 677 1015 772 patresfam*

152 790 345 872 „togatos,
368 773 479 851 modo
494 773 670 873 stupidos,
695 776 805 851 modo
821 775 1014 852 obscoenos

152 875 509 971 „omnibusstolidos
527 875 634 952 certis
649 875 856 951 nominibus
872 877 1015 952 inveret

24 988 28 993 “
150 976 261 1071 „dos
311 976 514 1052 Commune
538 975 695 1050 dedecus
722 975 900 1064 delebat,
931 974 1015 1052 &i

151 1074 272 1173 „ipsas
290 1074 391 1172 leges
410 1074 578 1163 docetur,
610 1073 784 1172 quidquid
806 1074 954 1170 legibus
978 1075 1015 1153 in

4 1239 6 1243 .
151 1176 321 1270 „dicitas
371 1174 466 1260 Quid
498 1174 592 1248 inter
623 1174 703 1249 haec
728 1172 944 1250 christianus
970 1175 1015 1257 fic·

14 1308 18 1321 ·
80 1280 83 1285 “
151 1275 288 1367 „facit,
310 1274 368 1348 cui
384 1273 471 1349 vitia
486 1297 560 1347 non
576 1272 744 1348 licet-nec
760 1273 951 1368 cogitare?
990 1281 1015 1343 α

35 1375 37 1379 ’
149 1370 588 1470 „oblettatursimulacris
603 1370 780 1460 libidinis,
805 1386 847 1449 ut
863 1374 902 1449 in
919 1372 1015 1471 ipsc-

149 1471 290 1573 „posrta
314 1471 529 1548 verecundia
552 1471 723 1549 audacior
746 1471 811 1547 fiat
837 1473 885 1548 ad
911 1475 1015 1569 crim

148 1570 280 1664 „discit
303 1570 441 1659 facere,
481 1572 569 1647 dum
594 1568 787 1645 consuescit
809 1572 945 1649 videre.

103 1720 105 1725 s
145 1683 319 1766 „tamem
353 1692 443 1768 quas
458 1670 652 1757 infelicitas
667 1669 705 1744 in
724 1669 933 1748 servitutem
956 1695 1015 1773 pt

144 1772 267 1864 ,',tuit‚
299 1770 457 1845 dedecus
472 1770 575 1846 suum
598 1770 643 1844 de
661 1767 810 1846 latebris
828 1771 1015 1863 consciam

15 1884 19 1891 '
145 1882 213 1964 „at
251 1866 343 1946 istud
375 1869 561 1967 publicum
597 1868 793 1945 monstrum
810 1872 991 1954 vomnibus

145 1970 342 2062 „dentibus
358 1970 504 2066 geritur.
554 1967 610 2044 lta
626 1981 790 2066 amatur,
813 1971 1015 2066 quidquid:

144 2068 280 2162 „licet,
303 2078 364 2158 ut,
392 2090 476 2166 quas
493 2068 605 2145 etiam
622 2080 715 2144 aetas
729 2066 979 2164 abscinderet,
998 2079 1015 2155 s

143 2169 362 2260 „oculorum
377 2167 591 2246 memoriam
606 2169 832 2246 reducantur.
882 2169 1015 2254 Non-lic

140 2266 286 2362 „adesse
301 2266 498 2343 christianis
512 2266 699 2356 fidelibus,
721 2292 794 2342 non
809 2268 896 2344 licet
913 2275 1015 2351 omnir

141 2389 237 2460 „nec
260 2365 354 2451 illis,
388 2388 479 2463 quos
504 2367 551 2441 ad
576 2363 836 2443 oblestamenta
860 2369 1001 2449 aurium

140 2488 297 2559 „omnes
312 2465 445 2561 ubique
455 2467 597 2541 Graecia
613 2464 795 2541 instructos
814 2466 884 2541 suis
896 2472 1015 2546 vanis:

141 2565 266 2660 „tibus
290 2565 420 2643 mittit:
455 2565 641 2659 clangores
658 2565 762 2640 turba
776 2565 948 2656 bellicos,
981 2572 1015 2647 al

138 2666 330 2757 „imitatur
344 2686 494 2752 raucos,
519 2664 612 2739 alter
630 2663 801 2759 lugubres
822 2664 928 2740 sonos
949 2667 1015 2766 spir

137 2765 293 2858 „tibiam
311 2762 460 2839 inflante
483 2763 700 2839 moderatur.
751 2765 846 2850 Quid
864 2765 1015 2864 loquar«

137 2865 301 2959 „micas,
324 2860 527 2940 &inutiles
545 2860 678 2938 curas?
702 2863 797 2950 Quid
814 2863 898 2939 illas
918 2890 1015 2967 magr

88 3017 91 3022 -
135 2965 312 3058 „tragicae
327 2962 428 3037 vocis
440 2958 619 3036 insanias?
645 2961 740 3048 Quid
752 2984 883 3039 nervos
899 2990 1015 3045 cums

136 3082 266 3156 „more
281 3059 427 3136 missos?
451 3060 543 3135 Haec
560 3057 696 3136 etiamsi
713 3085 784 3136 non
800 3062 911 3140 essent
925 3064 1015 3145 fimu

135 3162 234 3254 „cris
261 3160 399 3247 dicata,
433 3159 599 3234 obeunda
632 3171 778 3248 tamen,
809 3160 847 3238 dr
882 3163 1015 3261 spectat

134 3284 235 3354 „non
250 3260 359 3335 essent
374 3256 570 3334 christianis
586 3256 767 3345 fidelibus,
788 3281 891 3357 quae,
914 3265 1015 3343 etfin

35 3410 38 3417 ·
133 3359 335 3454 „haberent
350 3357 508 3444 crimen,
534 3355 669 3434 habent
682 3359 720 3433 in
737 3358 772 3433 se
788 3359 826 3435 dc
843 3365 1015 3442 maxima

132 3457 200 3552 „dt
225 3479 352 3554 parum
377 3470 636 3552 congruentem
661 3455 827 3534 fidelibus
851 3465 1015 3542 vanitate

132 3555 662 3757 ’summittar
678 3555 1015 3763 aarum

4 3718 10 3743 .-
130 3708 145 3753 r
663 3709 677 3758 t
904 3714 918 3761 r

145 3800 164 3825 ’·
609 3801 610 3804 ’
842 3813 847 3820 ·
949 3789 1015 3863 *nl
