2430 4366
158 208 544 329 Ormial'amgytita
556 212 599 301 in
610 212 835 325 origenem.
873 178 981 333 ‘365
1092 192 1095 197 ⁵

111 414 273 480 aetorum
285 392 441 498 judicia,
476 399 588 498 siquid
606 398 878 491 Graecanicum,
909 414 976 487 aut

111 504 269 578 urbatum
288 502 369 575 voci
394 497 495 586 infit,
527 500 661 575 exilem
685 500 808 592 illam,
841 500 880 579 &
899 524 974 578 uon

111 602 296 677 cellariam
321 598 567 696 disciplinam,
604 598 665 674 sed
688 599 782 675 hanc
806 602 975 678 omnibus

112 700 276 777 minibus
312 699 473 796 apprime
509 698 759 792 necellariam3
802 699 975 798 liquidem

112 800 239 877 unibus
263 799 311 873 de
357 820 545 895 uacunque
563 820 602 872 re
625 797 740 874 sermo
758 798 974 890 instituatur,

112 920 166 977 1·ae
184 898 253 987 est,
277 921 322 974 ac
389 897 471 987 dio,
495 920 570 974 non
586 897 715 996 decipi.

118 1109 151 1182 ε.
179 1090 335 1191 „Neque
348 1092 443 1171 hanc
458 1094 569 1172 solam
584 1108 744 1193 partem,
769 1112 879 1193 quam
888 1092 1149 1211 Dia-Plyfimaa,

112 1192 194 1270 ilica
206 1194 457 1290 corrigendam
473 1194 547 1270 fola
559 1194 682 1271 sortita
694 1195 755 1284 eli,
781 1195 841 1271 sed
854 1194 972 1272 humi·
987 1196 1112 1262 Geome-

112 1316 143 1369 m
163 1292 246 1369 lane
263 1294 365 1369 illam
383 1292 531 1369 vicillim
550 1296 661 1369 animi
680 1292 788 1369 nostri
809 1307 971 1392 partem,
984 1284 1098 1360 ΨΜ,
1113 1280 1154 1362 3.

112 1416 140 1469 ιι
153 1393 201 1470 ad
214 1392 503 1491 sapientilltmum
516 1394 643 1471 mundi
658 1390 841 1490 opificium
855 1392 973 1471 0bstu·
984 1364 1135 1464 Apam-

112 1493 243 1571 luimus
258 1490 500 1579 laetatione,
524 1516 568 1568 ac
584 1514 660 1590 prae
675 1494 806 1569 timore
820 1492 973 1569 constet»-
984 1470 1083 1621 W

112 1612 216 1679 mur,
248 1605 311 1679 ut,
343 1593 405 1689 qui
426 1591 626 1668 belluarum
647 1614 748 1669 more
765 1592 974 1670 ratiocinari

113 1690 160 1767 lit
174 1691 362 1781 novimus,
390 1692 552 1787 erigebat
569 1691 796 1768 naturalibus
815 1690 898 1767 aliis
916 1694 973 1769 di·

113 1790 242 1889 ipliuis,
267 1789 423 1885 lingula,
448 1793 581 1887 quaein
598 1812 718 1867 rerum
733 1790 971 1881 fumantum,

113 1890 275 1977 ultrane,
301 1912 345 1965 ac
361 1886 601 1985 distinguens,
631 1888 670 1966 δι
689 1890 871 1987 perspicua
891 1914 972 1969 ora·

113 1989 218 2064 mein
235 1991 351 2085 prima
371 1988 432 2065 sua
449 1990 631 2069 elementa
651 1990 862 2080 revolvens,
885 2012 974 2071 con·

113 2086 246 2163 afiones
261 2089 406 2184 quoque
424 2110 545 2164 rerum
566 2087 831 2179 multiformes,
863 2104 973 2189 atque

113 2187 288 2263 utationes
310 2188 519 2279 edillerens‚
551 2188 671 2283 quoad
693 2188 825 2265 animis
848 2188 977 2267 nostrie

113 2308 177 2362 :1ae
202 2289 315 2362 totius
336 2285 488 2363 universi
513 2288 802 2385 dispensationis,
833 2288 976 2364 absolu·
1112 2336 1128 2354 ι

113 2384 277 2482 llmaeque
292 2400 432 2462 naturae
449 2386 726 2463 admirationem
741 2385 874 2485 injecit.
901 2388 974 2463 Hic

113 2486 240 2563 mirum
262 2484 325 2560 illa
345 2484 394 2559 est
410 2485 589 2573 sublimia,
616 2511 659 2561 ac
680 2487 802 2564 diviua
820 2487 905 2562 dllci
930 2486 975 2562 li·

113 2638 136 2674 .,
162 2607 270 2682 quam
291 2586 458 2661 omnibus
481 2584 726 2661 amabililltma
749 2587 857 2663 docet
876 2510 976 2685 Ply-

113 2684 226 2781 logia.
272 2683 367 2770 Quid
385 2707 480 2759 nunc
498 2683 548 2758 est
568 2683 683 2759 sacras
697 2684 976 2761 mathematicae

114 2780 380 2859 mmemorare‘l
424 2784 673 2861 Geometriam
695 2785 863 2860 omnibus
887 2784 975 2860 cha·

114 2907 170 2971 m,
186 2896 295 2980 atque
307 2882 568 2964 indubitatam,
586 2882 624 2958 δι
638 2881 904 2959 Astronomiam
919 2884 976 2959 lu·
1072 2978 1075 2983 Ι

114 3003 181 3158 effla
206 2980 488 3161 Ἇετναςαῃῑείιῃῖ
525 2982 637 3159 bQuas
662 2982 819 3081 singulas
843 2983 976 3059 animia

114 3106 123 3156 a
164 3103 195 3158 aa
240 3103 350 3156 ocem
369 3101 571 3179 tncupea

126 3309 155 3378 9.
187 3276 320 3371 „Quod
344 3299 431 3355 vero
456 3274 619 3357 omnium
644 3274 693 3356 est
717 3276 835 3357 multo
859 3274 975 3359 maxi·
989 3294 1130 3371 saltam

114 3403 195 3466 um,
219 3380 392 3477 cuiusque
409 3382 526 3477 gratia
542 3379 683 3455 laborat
697 3402 787 3477 gens
803 3392 882 3456 tota
891 3380 974 3457 Phi·
989 3384 1124 3471 addasca‘t

114 3478 321 3576 lophorum,
358 3502 405 3553 ex
435 3482 536 3555 varia
568 3479 787 3576 reliquarum
812 3481 976 3558 omnium
1109 3512 1113 3519 ·

114 3576 335 3675 lciplinarum
357 3576 552 3653 confiuone
576 3579 692 3653 bonos
715 3578 851 3654 frutus
874 3578 977 3653 colli·

114 3700 164 3755 eus
178 3679 319 3756 divinas
331 3700 475 3757 morum
487 3678 656 3773 virtutes,
672 3677 865 3777 exquibus
879 3690 978 3851 teat}-

857 3798 943 3879 „qut
959 3815 975 3839 ·
