2430 4366
15 218 21 231 x
111 94 242 291 ‘2⁶6
481 160 754 287 :nmmum
870 256 876 269 .
946 230 950 239 ·

152 366 244 451 „ret
296 354 544 435 Meritoenim
561 356 666 435 vobis
688 353 797 443 nihil,
832 376 855 429 ο
877 350 968 439 boni
983 352 1034 435 m

152 453 297 555 „turem
317 458 555 565 denegatum,
573 469 664 554 quos
678 454 756 554 spes
770 442 1034 551 aeternhtisal

37 596 41 605 ,
63 644 66 649 .
151 556 310 651 „merito
325 556 428 632 vobis
442 557 533 633 nihil
547 555 641 631 velle
654 580 729 637 nou
743 554 1034 652 licitum,-quorr

149 656 300 751 ,primo
337 653 518 754 despedtns
553 656 613 733 hic
646 653 806 731 mundus
818 678 830 746 ;
871 651 919 730 bc
953 655 1034 753 quip

150 755 485 854 „triumphantibus
500 753 648 831 vidoria
669 754 715 830 de
734 754 794 829 his
810 753 917 831 maiis
936 755 1034 851 rapit

19 926 23 931 ,
150 878 290 952 „quem
309 879 382 931 non
399 855 581 954 popularis
601 854 735 930 extulit
755 853 994 949 magnitudo,
1027 857 1034 928 i

150 953 310 1046 „coelesti
325 955 521 1053 cupiditate
537 955 751 1052 flagrantem
769 951 831 1029 suo
843 951 1034 1029 Chrissusr

63 1106 66 1120 .
148 1054 271 1147 „didit
286 1075 408 1150 regno.
459 1055 560 1145 Nihil
578 1056 700 1152 itaque
718 1064 795 1132 tam
812 1076 1034 1149 magnum„

33 1212 41 1223 ,
99 1168 102 1173 ·
148 1175 249 1330 „gre
268 1154 534 1270 venepandum,
560 1153 789 1251 quumquod
806 1151 938 1231 liberat
958 1174 1034 1231 mor

148 1305 176 1349 „
233 1252 322 1328 facit
337 1275 479 1344 vrvere,
504 1253 542 1330 dr
558 1256 623 1330 dat
639 1268 812 1351 perpetuo
830 1275 985 1348 regnare
1005 1277 1034 1331 cr

148 1346 330 1444 ,Sensim
379 1351 462 1429 Hoc
488 1354 661 1431 divitibus
683 1366 830 1451 aptum,
861 1353 1034 1429 miseriei

39 1536 50 1553 ‚
148 1451 384 1544 „cessarium
416 1454 585 1531 omnibus
616 1469 781 1549 gratum3
817 1475 889 1548 quo
914 1452 1034 1529 laetanr

146 1552 285 1644 ,;boni,
310 1552 517 1637 relevantur
532 1551 683 1649 abjesti,
722 1567 944 1633 coronantur
970 1551 1034 1629 ele·

83 1732 86 1737 ,
148 1653 324 1744 „Etenim
341 1653 441 1729 Deus
463 1654 625 1730 omnium
648 1651 767 1729 cultur
783 1653 883 1729 velut
902 1652 1034 1749 quodd

149 1751 357 1850 „martyrio
373 1753 575 1831 remedium
593 1754 680 1828 vitae
695 1752 817 1843 dedit,
842 1753 991 1849 quando
1010 1754 1034 1826 a

97 1866 99 1871 '
151 1873 247 1950 „pro
261 1853 391 1927 merito
406 1875 532 1929 eorum
546 1853 690 1939 tribuit,
716 1852 798 1927 aliis
815 1850 1034 1948 promiseric

150 1950 242 2045 „dia
266 1949 326 2026 sua
350 1952 509 2030 tradidit.
560 1952 730 2031 Vidimus
753 1952 884 2050 quippe
912 1953 965 2027 ud
996 1951 1034 2026 m

150 2050 337 2145 „nominis
363 2052 512 2137 titulum
535 2052 608 2127 fide
633 2051 774 2129 nobiles
799 2049 931 2141 venisse
955 2049 1033 2147 pler

152 2173 273 2248 „que,
297 2161 339 2226 ut
358 2150 564 2243 devotioris
582 2150 790 2249 obsequium
807 2173 907 2227 mors
928 2150 1034 2226 hones

154 2263 249 2343 „ret
296 2247 371 2325 Sed
384 2249 422 2326 dr
435 2253 527 2327 alins
540 2254 746 2348 frequenter
759 2251 966 2348 aspeximus
983 2250 1034 2326 int

58 2408 61 2415 .
153 2351 274 2441 „ritus
291 2348 437 2440 stetisse,
470 2364 513 2429 ut
533 2350 678 2426 admissa
699 2363 848 2448 peccata
871 2352 1034 2425 redimen

153 2471 311 2541 „eruore
326 2449 388 2524 suo
403 2449 470 2527 loti
485 2450 703 2537 haberentur
717 2451 755 2526 in
772 2451 963 2546 sanguine,
986 2448 1024 2525 dt

153 2548 396 2641 „viviscerent
413 2550 642 2647 interempti,
676 2551 738 2646 qui
758 2552 924 2626 viventes
946 2572 1034 2647 comp

153 2650 353 2741 „rebantur
372 2647 486 2726 occisi.
541 2649 757 2727 Corrfeffioui
777 2651 878 2725 vocis
898 2653 1034 2726 unius:

153 2747 283 2841 „verse
307 2747 561 2838 succumbunt,
592 2751 679 2827 laeta
694 2751 934 2848 proveniunt,
970 2763 1034 2848 pau

16 2876 22 2883 ·
154 2871 317 2945 ,‚regna,
346 2862 518 2946 parantur
539 2851 710 2948 imperia,
744 2850 948 2927 devincitur
968 2873 1034 2947 poer

34 2976 38 2993 ·
152 2969 282 3039 „mors
303 2947 496 3046 subigitur,
520 2951 595 3025 vita
614 2952 815 3047 profertur,
838 2948 877 3026 &
895 2949 1034 3025 infestar

57 3112 59 3123 .
155 3048 318 3137 „inimici
338 3050 576 3147 repugnantia
595 3074 695 3126 arma
724 3049 933 3133 solvuntur:
965 3049 1033 3127 fid

155 3146 280 3237 „stum
296 3146 365 3238 est,
390 3149 547 3240 occidit,
568 3147 748 3231 ficrirnen
762 3147 904 3229 abnuit
1027 3148 1032 3154 ’

11 3350 136 3418 istoru„
233 3368 268 3447 7.
296 3344 428 3435 „Unde
441 3344 562 3444 quaeso
576 3370 664 3438 vos,
687 3349 759 3424 boc
774 3347 899 3427 vestris
912 3345 1034 3423 menti

5 3436 75 3503 ad
159 3445 405 3542 ,‚ponderete,
446 3459 663 3544 tantumque
697 3449 744 3531 de
780 3446 898 3527 nostra
934 3445 1034 3520 orati<

14 3531 99 3605 ‘my‘
159 3544 379 3642 „percipite,
403 3559 581 3646 quantum
596 3547 736 3641 sciatis,
763 3572 829 3625 vos
845 3546 940 3646 posse
956 3545 1034 3620 sent

1 3628 121 3780 3²:229,
157 3645 308 3738 „ventu
330 3657 418 3725 aute
435 3647 736 3743 minaverunt,
770 3647 833 3749 qui
849 3648 928 3731 dies
950 3646 1018 3743 bie

23 3796 26 3803 '
182 3776 207 3799 ”
265 3827 267 3831 .
985 3767 1033 3840 »⁰
