2430 4366
893 42 911 91 ll

75 301 87 323 ὁ
143 207 234 309 314
468 182 723 277 Nocturni
794 200 799 221 ¹

145 374 230 467 „lta
250 373 287 451 in
307 372 523 451 animalibus
542 372 758 474 perlegere
777 367 877 470 quast
898 367 986 469 quoi

145 475 346 566 „humanae
367 474 454 550 vitae
476 473 659 573 speculum
683 470 920 549 constitutum
941 465 986 544 ell

1 612 6 623 ·
146 596 247 671 „quo
259 574 438 668 imagines
451 572 669 650 sandionum
683 569 921 657 confiderent,
943 580 987 643 ut

146 672 299 764 „uitiosa
333 695 486 771 quaeque
516 673 725 751 hominibus
755 683 882 750 contra
913 681 987 743 uati

35 778 39 785 ’
146 772 358 864 „commilla
376 773 611 861 damnentur,
637 774 724 848 dum
742 771 853 845 etiam
870 780 987 843 natum

39 969 42 973 ¹
150 874 216 963 „iu
232 871 420 971 pecoribus
436 873 625 949 constituta
640 871 841 968 culpantur.
875 869 972 944 Num

145 972 211 1061 „in
228 969 381 1070 piscibus
400 972 593 1070 squammis
611 971 733 1070 aspera
761 992 824 1065 pro
845 962 987 1043 mundis

147 1070 324 1160 „benten
340 1070 473 1169 asperi,
487 1071 525 1149 dt
541 1072 657 1159 firmi,
677 1069 715 1148 dt
731 1089 860 1166 graves
875 1089 987 1144 moret

144 1170 314 1259 „minum
331 1170 547 1268 probantur,
572 1193 655 1269 quae
671 1182 794 1246 autern
814 1167 886 1243 fine
904 1166 987 1240 hisl

142 1268 380 1359 „immunda‚
411 1273 495 1367 quia
512 1272 633 1361 leues,
664 1270 702 1348 dt
718 1269 867 1356 lubrici,
901 1265 987 1343 &iu

139 1366 208 1458 ‚,&
221 1366 432 1445 effoeminati
445 1392 566 1446 mores
580 1371 839 1467 improbantur.
871 1366 987 1458 Quid<

138 1465 231 1558 „fibi
252 1467 331 1544 vult
350 1467 433 1558 lex,
464 1494 548 1545 cum
568 1469 675 1545 dicit:
714 1467 880 1543 Camelum
901 1491 987 1542 nor:

138 1565 321 1656 ..acuam
345 1566 426 1644 Leu.
442 1595 497 1645 11.
516 1595 548 1646 u.
558 1595 595 1666 4.
621 1567 686 1645 nisi
702 1566 874 1664 quoniam
890 1566 936 1640 de
954 1587 987 1638 er

136 1665 228 1763 „plo
245 1668 414 1743 animalis
430 1669 543 1744 vitam
563 1669 714 1744 damnat
733 1688 921 1751 enervem,
953 1661 988 1739 dt

112 1764 326 1855 ·‚‚minibus
352 1767 569 1843 tortuosam:
603 1781 669 1842 aut
692 1790 777 1841 cum
792 1765 885 1865 surm
912 1787 976 1860 pro

137 1864 335 2038 „probibet
356 1867 521 1955 adsumi,
554 1866 784 1964 reprehendit
807 1864 934 1959 utique
957 1883 988 1935 c<

137 2011 165 2055 ω
180 1987 261 2054 am,
286 1963 325 2042 du
339 1967 558 2062 gaudentem
574 1968 746 2042 vitiorum
762 1963 923 2043 sordibus
944 1962 988 2034 vit

134 2063 301 2154 „bonum
323 2064 423 2141 suurn
446 2068 574 2142 nonin
596 2067 708 2142 animi
728 2060 986 2160 generositate,

135 2161 203 2254 „in
229 2162 303 2238 sola
333 2187 440 2240 carne
464 2180 680 2264 ponentem:
721 2177 785 2239 aut
810 2186 895 2237 curn
922 2161 988 2258 lepc

110 2270 112 2274 ‘
134 2261 305 2350 ,accusat
322 2264 544 2339 deformatos
565 2266 602 2340 in
620 2265 808 2341 foeminam
820 2262 935 2336 viros.
986 2282 988 2310 ¹

133 2373 287 2451 „auum
302 2364 451 2462 mustella
468 2387 598 2461 corpus
615 2365 735 2440 cibum
753 2360 892 2437 faciut?
914 2358 986 2434 Sed

134 2472 201 2547 „tn
217 2462 458 2558 reprehendit.
509 2465 599 2554 Quis
617 2459 799 2538 lacertum?
833 2459 907 2535 Sed
929 2458 987 2532 odi

135 2571 215 2647 „tae
230 2560 405 2637 incertam
421 2564 646 2641 varietatem.
677 2563 768 2651 Quis
775 2555 980 2660 stellionem?

134 2660 324 2748 „maculas
338 2665 515 2739 ruentium
531 2675 730 2739 execratur.
764 2661 856 2748 Quis
872 2656 988 2755 accipit

134 2758 242 2854 „quis
256 2761 409 2847 milvum,
432 2763 513 2860 quis
528 2761 701 2861 aquilam?
736 2760 810 2838 Sed
823 2771 989 2856 raptores

135 2855 364 2946 „violentum
398 2860 529 2937 scelere
551 2864 727 2938 viventes.
778 2860 869 2948 Quis
887 2857 989 2932 uultur

134 2954 237 3045 „Sed
254 2971 444 3034 execratur
462 2962 621 3057 praedam
640 2965 686 3036 de
704 2959 823 3036 aliena
842 2970 958 3033 morte
977 2979 989 3051 t

134 3068 305 3144 „rentem
338 3074 403 3135 aut
420 3060 501 3155 quis
521 3059 680 3141 emma
713 3058 788 3135 Sed
808 3056 970 3133 versuras

134 3168 286 3243 ‚roratur
305 3156 525 3237 uoluntates.
575 3159 735 3261 Pufflrem
757 3181 900 3255 quoque
920 3177 989 3230 cun

135 3247 330 3344 „terdicim
363 3258 678 3358 intemperantiam
713 3260 896 3353 coarguit:
935 3277 989 3351 qut

138 3351 342 3443 ,aarum
383 3358 462 3434 odit
490 3358 669 3457 lucifugas
701 3360 894 3432 veritates:
932 3376 989 3449 qut

140 3479 330 3549 „ch,
356 3457 508 3533 cervicis
522 3459 609 3536 altae
623 3459 808 3555 superbos:
842 3454 985 3551 quando

140 3551 340 3665 offitium,
365 3559 546 3651 garrulam
562 3560 672 3634 nimis
686 3556 821 3654 liuguae
836 3555 990 3648 intempe

139 3663 284 3740 »ml
301 3657 447 3754 qunnuo
461 3656 733 3761 vestratium,
756 3664 990 3759 quaerentest

968 3803 990 3842 ’l
