2430 4366
136 138 274 298 '198⁸'
323 309 326 312 A
371 188 403 201 ’”
493 164 742 304 'acptum
781 212 810 235 ·’

153 369 220 463 „dc
250 372 442 470 multiplici
466 372 704 472 congrellione
728 366 882 448 vidores

142 469 383 564 ,adversario
408 496 630 552 coronamur.
683 470 887 548 Libidinem

152 571 414 663 „continentiae
429 573 551 671 palma
568 572 636 650 cll:
666 584 792 648 contra
812 570 896 645 iram

126 667 348 766 ‘ninjuriam
373 672 599 771 repugnasse,
635 693 768 747 corona
798 666 895 768 patie

147 766 216 861 „dr
231 770 293 866 qui
306 768 424 846 zelare
441 798 515 848 non
531 772 652 859 novit,
678 770 810 869 quique
822 791 894 843 una

3 860 9 889 ¹
147 868 276 961 „mitis
292 868 422 947 fratres
438 870 520 948 suos
535 872 674 968 diligit,
696 866 895 944 dilestionis

146 967 325 1067 „praemio
355 972 563 1048 honoratur.
612 971 653 1048 In
676 969 747 1068 hoc
767 967 896 1041 virtuto

147 1069 339 1163 „quotidie
362 1071 561 1159 currimus,
591 1069 640 1146 ad
664 1069 736 1144 has
750 1062 896 1163 justitiae

149 1166 386 1258 ‚‚&.coronas
401 1168 473 1245 fine
491 1167 741 1246 intermissione
762 1176 896 1263 tempor

153 1266 311 1355 „nimusl
346 1267 407 1363 Ad
420 1291 510 1366 quas
526 1282 568 1346 ut
581 1268 763 1368 pervenire
778 1279 819 1342 tu
837 1266 896 1340 etii

152 1366 243 1461 „qui
260 1367 381 1451 suetas
396 1369 498 1460 zelo,
531 1368 569 1445 dt
588 1368 700 1443 livore
720 1363 896 1463 possessus,

54 1485 56 1491 ’
150 1464 280 1555 „illam
295 1466 493 1555 malitiam,
517 1490 587 1564 qua
602 1466 702 1564 prius
718 1465 896 1540 tenebaris

147 1562 214 1652 „dt
234 1565 282 1639 ad
300 1564 397 1639 viam
414 1567 501 1642 vitae
521 1577 667 1643 aeternae
689 1564 844 1680 vestigiis
869 1561 896 1637 sa

146 1663 390 1749 „reformarez
424 1664 539 1738 evelle
560 1666 605 1740 de
622 1665 761 1762 pettore
783 1679 847 1737 tuo
870 1662 896 1759 sp

147 1762 349 1850 „triuulos,
372 1775 414 1838 ut
429 1778 466 1838 te
483 1765 702 1841 dominicum
719 1761 837 1837 semen
855 1761 896 1835 fe]

123 1882 125 1887 ·
151 1857 392 1957 „locupletett
426 1886 563 1937 venena
587 1862 683 1947 sellis
709 1886 859 1950 evome,
892 1894 896 1929 t

151 1982 260 2052 „rum
285 1962 383 2035 virus
413 1962 585 2038 exclude:
619 1977 791 2059 purgetur
817 1984 896 2036 men

124 2080 127 2084 ·
154 2056 403 2157 „serpentinus
416 2059 710 2146 livorinsecerat,
730 2062 896 2146 ‚emoritur

19 2220 23 2229 .
151 2180 263 2255 „quae
278 2152 378 2237 intus
392 2161 586 2246 insederat,
611 2158 738 2235 Christi
760 2160 896 2235 dulcedi

150 2268 247 2347 „tun
299 2256 340 2333 Si
360 2260 406 2332 de
426 2260 662 2335 Sacramento
683 2255 802 2334 'crucis
825 2259 863 2333 dc
885 2283 896 2331 r

148 2357 266 2447 ,·,mis,
301 2354 510 2452 &potum
539 2358 698 2453 lignum,
736 2357 832 2453 quod
858 2380 896 2454 ap

148 2454 329 2552 „proiecit
353 2455 390 2530 in
415 2458 570 2552 imagine
596 2457 643 2533 ad
670 2459 801 2553 saporis
835 2457 896 2530 dul

150 2554 242 2640 „tibi
261 2555 297 2630 in
314 2554 466 2630 veritate
482 2554 646 2652 proficiat
663 2557 709 2630 ad
732 2555 896 2635 mulcend

151 2651 386 2744 „lenitatemz
411 2655 507 2731 unde
523 2655 733 2731 vulneratus
754 2656 896 2741 fueras,

152 2774 270 2840 „rare
322 2751 418 2828 Ama
444 2778 526 2840 eos,
560 2777 652 2850 quos
679 2766 763 2829 ante
788 2754 895 2827 odera

155 2850 287 2941 „illos,
314 2854 443 2947 quibus
458 2853 595 2949 injustis
612 2853 896 2935 obtretiationibr

152 2950 256 3041 „bau
310 2952 436 3029 Bonos
453 2952 615 3041 imitare,
641 2952 806 3029 siscitari
827 2966 896 3048 pot·

155 3066 256 3143 „tem
278 3073 341 3123 eos
367 3049 485 3127 sedari
505 3076 579 3127 non
604 3064 726 3149 potes,
761 3050 896 3127 collaete

152 3148 217 3239 „dc
239 3148 487 3246 congratulare
502 3150 736 3249 melioribus:
762 3153 819 3225 fac
840 3164 877 3225 te

153 3264 266 3349 „nata
290 3247 477 3323 dilectione
501 3251 732 3347 participem,
766 3250 824 3323 sac
844 3262 882 3324 te

153 3342 387 3438 ,‚charitatis,
420 3347 458 3424 &
486 3347 720 3427 fraternitatis
747 3349 892 3424 vinculo

153 3447 275 3545 „dem
327 3446 563 3523 Dimittentur
577 3450 643 3523 tibi
659 3461 825 3547 peccata,
851 3470 896 3544 qu

154 3543 372 3634 „dimiserim
399 3547 618 3647 accipientur
632 3548 798 3625 sacrificia
814 3561 896 3634 tua,

152 3644 303 3745 „citieus
318 3644 365 3725 ad
381 3644 500 3746 Deum
514 3648 672 3729 veneris:
696 3642 834 3739 sensus,
859 3659 896 3722 at
