2430 4366
211 228 472 351 melpum
486 178 794 354 antipapa
884 257 970 354 μς
1052 291 1078 347 Ι,

113 416 250 518 rlasque
274 416 479 519 voluptates
503 421 682 518 experiri:
721 444 846 499 verum
872 447 970 513 nunc
1061 500 1064 505 ,
1136 500 1138 505 .

113 542 155 595 na
183 520 264 594 haec
297 520 418 596 omnia
449 516 517 595 esse
546 520 722 596 intellexi.
745 576 748 581 -
773 548 807 599 2.
844 520 969 619 Atque
1027 558 1103 610 aas

113 640 145 693 rc
159 618 267 694 risum
283 616 439 695 solutum
455 618 676 717 compescui,
700 619 785 697 hinc
801 619 969 720 volupta-

113 741 135 792 n
156 717 204 792 ad
222 720 498 817 temperantiam
521 719 686 809 coercui,
711 720 910 818 acerbeque
932 720 967 795 ei
1168 796 1172 801 .

113 815 247 892 :censui
302 846 337 913 3.
371 817 433 895 Ad
462 818 543 894 haec
573 841 658 894 cum
686 841 766 903 earn
790 820 866 897 vim
896 818 966 896 elle
1028 834 1115 903 aa·
1198 838 1204 853 ¹

113 937 191 993 unae
214 915 440 1014 cogitassem,
476 928 519 993 ut
542 917 779 995 temulentam
805 919 965 1017 corporis

113 1035 223 1091 uram
240 1014 354 1091 sistere
369 1013 490 1113 poffit,
515 1015 724 1114 rursumque
740 1018 964 1095 continentia

113 1113 292 1210 ¹aiditatem
311 1112 456 1213 subjici,
481 1115 764 1214 perspiciendum
787 1116 879 1193 mihi
896 1117 964 1193 esse
1095 1136 1098 1149 ·

113 1212 241 1301 rstitui,
280 1213 452 1310 quidnam
477 1215 625 1291 tandem
648 1214 857 1293 hominibus
880 1237 965 1315 pro·

113 1311 208 1389 itum
230 1312 442 1400 fufetium,
475 1336 631 1410 vereque
649 1314 806 1406 bonum,
838 1313 877 1393 dr
895 1314 964 1389 ho·

113 1412 212 1500 tum,
246 1413 344 1508 quod
367 1412 406 1488 in
429 1411 500 1489 hac
523 1415 598 1489 vita
623 1412 834 1508 conficiant3
874 1436 961 1495 nam

113 1515 192 1608 iqua
208 1511 351 1601 omnia,
376 1532 459 1609 quae
477 1512 671 1611 praeclara,
696 1512 734 1589 dc
753 1512 965 1590 admiratio·

119 1612 229 1706 digna
247 1610 456 1699 censentur,
481 1612 659 1709 percurri,
709 1638 744 1710 4.
769 1611 883 1688 veluti
900 1624 964 1687 elr-
1026 1647 1098 1711 u4.

113 1709 316 1786 srffimarum
347 1711 483 1786 aedium
515 1711 730 1801 messiones,
765 1709 803 1788 dc
833 1713 964 1788 vitium
1050 1786 1054 1791 .
1095 1722 1099 1793 ζ
1140 1728 1152 1803 j

113 1809 286 1902 rfitiones3
325 1829 358 1904 5.
384 1807 507 1906 Atque
521 1809 861 1908 insuperhortorum
874 1810 962 1887 stru·
1026 1812 1098 1902 usi

113 1930 192 1994 ras,
216 1907 541 2005 frugiferarumque
561 1909 680 1984 omnis
696 1911 839 2007 generis
858 1910 965 1985 arbo·
1101 1914 1104 1920 ’

113 2033 135 2083 n
160 2005 404 2106 possessiones,
447 2007 690 2106 studiosasque
714 2006 963 2104 mustiones,

114 2107 179 2183 ubi
195 2108 305 2182 etiam
326 2107 492 2203 ingentes
512 2108 615 2183 lacus
635 2107 683 2183 ad
704 2130 880 2205 aquarum
898 2132 963 2184 ex·
1026 2125 1097 2197 v,6,

113 2206 238 2281 itiones
255 2205 406 2281 consesti
427 2208 507 2282 sunt
525 2207 572 2282 ad
592 2206 770 2304 copiosam
792 2208 975 2285 arborum

113 2307 280 2381 ationem.
324 2329 359 2405 7.
386 2306 465 2405 Jam
481 2330 566 2381 vero
583 2306 804 2386 famulorum
821 2329 965 2403 quoque
1027 2318 1100 2394 «κγ.
1158 2321 1163 2325 ·

113 2407 198 2481 nine
223 2406 340 2502 septus
364 2406 417 2480 sui
436 2419 515 2481 tum
537 2405 666 2499 servis,
699 2419 779 2482 tum
803 2407 963 2481 ancillis:

113 2530 147 2580 ‚n
173 2504 285 2580 etiam
316 2504 438 2601 plures
462 2505 735 2602 quadrupedum
755 2505 794 2579 in
819 2528 962 2595 meam,

113 2627 164 2678 rm
182 2604 219 2678 in
239 2601 452 2700 cujusquam
472 2628 619 2705 corum,
645 2606 707 2702 qui
724 2602 812 2679 olim
831 2605 963 2681 extite·
1101 2624 1108 2648 ¹

113 2716 157 2790 rt,
183 2702 391 2799 potestatem
407 2715 594 2787 venerunt.
648 2719 682 2789 8.
709 2701 839 2780 Sed&
862 2704 961 2791 auri,
1024 2741 1098 2804 ῃ,

122 2803 262 2898 argenti
291 2788 447 2878 thesauri
471 2804 561 2878 mihi
586 2799 800 2889 affluebant.
835 2813 963 2903 utpote
1096 2802 1100 2809 ’

113 2967 115 2976 .
141 2924 243 2997 reges
267 2924 393 2976 omnes
415 2927 459 2976 eo
485 2901 727 2989 adduxissem,
758 2900 963 2977 etmihi&

113 3024 206 3076 mera
240 2997 432 3088 afferrent,
474 3001 511 3077 dc
542 3000 678 3075 tributa
710 2998 963 3096 persolverent.

113 3101 158 3174 >ri
175 3099 378 3195 complures
396 3100 441 3174 ad
464 3123 583 3175 meam
600 3098 874 3176 oblet'tationem
889 3098 967 3195 agl·

113 3212 226 3274 »antur
243 3199 402 3274 virorum
420 3198 542 3285 simul,
577 3197 615 3274 &
635 3197 865 3275 foeminarum
882 3223 967 3275 can·

113 3323 137 3372 n
155 3297 474 3375 modulatiffimum
494 3295 738 3377 efficientium.
790 3297 967 3375 Convivia
981 3312 1127 3400 Voluptas

113 3420 185 3485 rso,
212 3397 249 3472 &
267 3396 454 3493 pincernas
471 3421 517 3472 ex
535 3410 688 3494 utroque
706 3396 896 3477 hominum
912 3394 964 3471 se·
981 3399 1112 3503 ‘'smsst

145 3495 315 3572 collectos
346 3521 392 3571 ne
421 3518 572 3573 numero
603 3496 750 3594 quidem
779 3494 965 3594 complesti
975 3493 1091 3567 imm
1099 3506 1148 3574 ’Ψ

113 3595 191 3672 sim
244 3621 278 3692 q.
313 3595 420 3673 Adeo
443 3596 523 3685 his,
558 3610 686 3672 omnes
711 3596 774 3693 qui
798 3609 883 3673 ante
907 3616 968 3674 me
981 3570 1127 3715 ξιτψ·

113 3694 322 3798 erosolymis
353 3705 571 3794 regnarunt,
607 3694 813 3781 antecellui.
872 3692 971 3795 Hinc
999 3671 1061 3718 ⁸⁸·
1191 3708 1196 3713 ·

404 3798 407 3804 ’
499 3792 535 3876 X
561 3819 584 3898 3
877 3814 971 3888 „au
1024 3756 1097 3881 ω’
