2430 4366
152 326 156 335 .
266 211 443 330 operum
457 211 709 336 Pramnio·
850 224 952 335 ..ent
1188 324 1194 335 .

106 418 137 471 ιι
158 394 236 493 ejus
261 400 354 475 dico.
404 398 595 477 Sed⁸&'ss
618 399 773 500 quando'
789 398 835 505 de
855 400 950 479 Filio
986 444 1023 481 =.·
1092 422 1101 453 '-
1131 491 1135 495 ,

106 495 211 571 'erens
233 499 352 575 obiter
373 497 491 575 Deum
512 499 684 581 faetorem
707 498 853 590 dixero,
885 525 950 577 ne·
1005 548 1010 569 -.
1049 532 1052 537 ·

106 624 111 664 ι
135 596 338 673 defensione
359 595 480 675 circat
503 601 582 676 haec
602 600 760 694 locuti03
791 623 876 684 nam
896 600 951 680 sa·

106 708 184 771 ntes
202 698 298 794 apud
314 699 465 775 Graecos
485 697 658 778 librorum
676 699 818 775 suorum
839 699 951 795 frito.

133 793 169 869 se
201 814 432 894 nuncupant,
464 798 604 882 tametsi
634 799 745 880 iidem
775 798 950 882 librorum

106 914 187 971 rum
211 895 337 975 Patres
364 896 454 979 sunt,
479 955 489 974 .
517 956 526 974 .
553 957 562 980 .
614 898 655 980 ln
681 896 853 997 principio
872 911 952 989 emt

106 995 226 1080 rbumt
259 994 317 1070 sed
338 1022 411 1072 non
429 1009 507 1074 erat
525 997 710 1086 Verbum,
742 998 838 1095 quod
851 998 951 1081 Ver·

106 1116 126 1167 ιι
162 1094 371 1192 produxerit
378 1119 388 1189 ;
423 1096 582 1175 Verbum
615 1098 712 1178 'enim
744 1110 823 1177 erat
852 1095 950 1196 apud

106 1215 173 1272 rm.
221 1193 400 1275 Dominus
416 1197 585 1290 sapientia
601 1195 672 1286 est,
694 1219 769 1297 non
788 1209 867 1273 eret
882 1196 950 1294 igi·

114 1291 305 1391 sapientia,
332 1297 393 1393 qui
409 1295 617 1394 sapientiam
630 1296 813 1397 produxit.
871 1328 874 1333 ·

111 1536 129 1569 .=
148 1488 280 1579 „Sicut
294 1513 398 1566 mens
411 1489 527 1567 nostra
543 1459 679 1570 emeat
692 1517 716 1568 a
731 1490 840 1590 seipso
855 1490 945 1585 Ver·
957 1497 1035 1567 Idea
1180 1472 1187 1527 .·

105 1612 147 1679 n,
184 1588 302 1692 estque
334 1603 527 1688 utrumque
560 1592 720 1674 alterum
740 1593 786 1673 ab
809 1591 945 1681 altero,
959 1583 1065 1655 Verbi.

105 1690 248 1787 prium,
285 1687 322 1769 δι
347 1691 392 1765 ab
417 1689 532 1765 altero
558 1690 755 1767 distiniium
779 1690 951 1769 obtinens

105 1811 183 1876 rm,
221 1813 304 1865 curn
333 1788 425 1865 iilud
456 1790 602 1886 quidem
630 1791 668 1865 in
691 1789 819 1879 corde,
854 1788 947 1865 istud

105 1887 186 1963 nin
206 1888 348 1983 lingua,
384 1887 423 1965 &
441 1910 504 1963 ore
524 1902 796 1978 commovetur,
828 1909 947 1984 neque

105 2009 163 2061 ren
179 1988 273 2068 inter
289 1987 323 2060 se
340 1987 485 2077 distant,
506 2002 570 2072 aut
585 1987 619 2064 se
635 1988 788 2069 invicem
805 1989 948 2085 privano.
1102 2000 1112 2039 ι

109 2139 120 2174 ,
155 2110 270 2183 neque
285 2109 388 2162 mens
408 2085 479 2162 ime
499 2088 610 2163 verbo
632 2087 701 2176 est,
734 2109 850 2182 neque
865 2107 949 2167 ver·

105 2209 128 2259 n
147 2183 218 2261 srne
237 2197 382 2276 mente,
408 2186 467 2261 sed
487 2209 591 2262 mens
610 2187 761 2268 verbum
778 2186 886 2286 sapit,
909 2181 948 2271 &

105 2281 167 2381 ipio
185 2299 354 2383 apparet,
378 2307 422 2362 ac
436 2286 587 2361 verbum
604 2285 752 2365 exhibet
766 2296 949 2367 mentem,

105 2396 167 2480 qna
180 2383 314 2460 fastum
331 2383 389 2461 est.
431 2385 479 2469 Et
496 2406 600 2465 mens
620 2385 766 2482 quidem
785 2381 834 2477 est
851 2370 949 2480 queii

105 2482 191 2559 ‚pum
207 2485 431 2572 immanens,
456 2487 605 2559 verbum
620 2505 706 2559 vero
721 2504 826 2560 mens
840 2477 950 2580 pmii«

105 2605 153 2660 ns:
187 2605 292 2658 mens
312 2585 349 2661 in
368 2585 518 2660 verbum
538 2582 680 2671 transit,
713 2581 863 2660 verbum
884 2603 950 2662 eu·

104 2706 122 2755 n
156 2696 317 2765 mentem
357 2683 396 2758 in
446 2682 714 2764 circumstantes
765 2681 982 2771 auditores

107 2782 267 2860 nemittit.
305 2780 362 2857 Ac
377 2804 482 2861 mens
499 2783 645 2879 quidem
657 2779 823 2877 'estquesr
839 2780 949 2857 P'ater
1011 2800 1015 2806 ·

104 2880 155 2959 rbi
171 2883 208 2957 in
225 2881 331 2978 seipsa
347 2880 518 2957 existens:
544 2882 695 2959 verbum
711 2893 834 2961 autem
847 2877 951 2959 velut

105 3001 140 3053 ue
170 2983 326 3068 mentis,
363 3003 430 3055 nec
460 2993 545 3056 ante
574 2979 708 3077 ipsam,
746 3002 814 3055 nec
846 2989 951 3059 extra

104 3077 155 3154 'am
171 3079 304 3157 fanum
322 3079 390 3154 esse
406 3079 539 3174 potest,
556 3078 617 3155 sed
632 3101 716 3154 cum
731 3077 804 3176 ipsa
820 3074 951 3162 existit,

104 3200 153 3269 juo
171 3179 346 3273 originem
364 3178 517 3279 sumpsit.
559 3179 700 3257 Eodem
714 3197 857 3275 quoque
872 3198 953 3251 mo·
1072 3274 1076 3279 -

110 3278 218 3355 Pater
234 3278 296 3352 ille
312 3279 517 3367 maximus,
542 3276 580 3356 δι
600 3299 704 3353 mens
726 3277 790 3352 illa
808 3275 953 3359 univer-

107 3390 238 3455 sante
260 3378 386 3455 omnia
410 3376 543 3465 Filium
557 3377 679 3454 'habet
698 3375 860 3463 Verbum
882 3371 990 3491 iuis
1064 3372 1110 3475 ¹,
1188 3462 1192 3471 .

104 3498 155 3558 ιιι
171 3478 425 3579 interpretem,
448 3475 704 3581 &Angelum
780 3488 783 3493 ’

822 3742 869 3851 ἰ.
892 3722 980 3860 „n”
1105 3834 1122 3861 .,
