2430 4366
483 200 705 320 'Epistulae
759 234 767 247 ··
830 288 836 305 Χ
1025 236 1083 321 Ι13

158 391 402 493 „prandium
428 391 649 490 implicantis
667 391 794 469 mundi
814 391 953 489 laqueis
974 393 1081 482 solvi,

117 566 122 579 ,
156 500 212 587 „in
232 492 359 568 lucem
383 490 670 569 immortalitatis
694 505 842 567 aeternae
867 495 912 567 de
941 510 1083 569 terrena

155 594 260 687 „saeoe
302 592 465 690 purgari:
519 590 609 666 Plus
648 614 771 665 amare
810 592 1092 699 compellimur,¹
1190 656 1195 669 .

151 746 177 787 ,,
200 690 269 767 uod
285 688 561 780 somniamus,
594 690 682 766 dum
700 690 842 767 &scire
859 693 1100 779 conceditur,-

225 790 424 879 damnare,
449 790 548 886 quod
563 812 718 866 eramus.
755 788 944 887 Postquam
961 792 1084 865 auito·

145 912 249 982 „rem
277 888 384 965 snum
408 888 543 985 coelum
570 892 718 965 intuens
744 890 865 965 anima
889 890 1082 984 cognovit,

144 987 246 1081 „solo
275 986 409 1078 altior,
444 986 483 1065 δι
510 988 580 1063 ha'c
606 989 707 1063 omni
737 1000 877 1064 terrena
906 988 1080 1087 potestate

138 1088 359 1183 „sublimior
373 1086 412 1164 id
426 1086 494 1163 else
507 1086 653 1185 incipit,
679 1087 825 1185 quodie
841 1087 1046 1165 essecredlt.

178 1272 183 1283 ’
219 1312 279 1363 11.
309 1282 392 1373 „Tu
416 1305 521 1379 ergo,
557 1283 757 1381 quem'jam
783 1280 999 1383 spiritalibus
1021 1307 1080 1358 ca·
1096 1297 1183 1387 Affio
1210 1333 1213 1351 ,

146 1382 249 1479 „stris
271 1382 427 1459 coelestis
445 1383 576 1459 militia
593 1385 762 1479 signavit,
792 1400 876 1459 tene
896 1386 1079 1481 incorrup·
1096 1391 1211 1483 orario,

138 1498 265 1578 ,„tam,
292 1496 380 1558 tene
400 1480 552 1557 sobriam
574 1482 745 1579 religiosrs
764 1484 958 1559 uirtutibus
978 1484 1079 1557 disci·
1097 1466 1211 1533 “3¹⁰‘'

144 1581 320 1681 „plinam
373 1580 430 1657 Sit
453 1582 521 1656 tibi
541 1582 599 1655 vel
626 1584 742 1657 oratio
763 1580 916 1671 assidua,
946 1582 1005 1657 vel
1029 1582 1080 1655 le·
1097 1555 1211 1617 ''md''

143 1682 256 1777 „iliot
282 1705 384 1757 nunc
404 1703 489 1755 cum
504 1681 584 1755 Deo
603 1681 772 1777 loquere,
794 1706 891 1757 nuno
906 1682 1006 1760 Deus
1025 1696 1080 1756 te·
1114 1658 1190 1723 Μ’

123 1780 269 1875 '„cum:
304 1778 372 1855 ille
392 1792 430 1855 te
447 1780 638 1877 praeceptis
654 1780 725 1855 suis
747 1779 914 1869 instruat,
947 1781 1009 1855 ille
1028 1780 1081 1855 di·

140 1934 159 1975 „
184 1891 316 1979 ponat:
363 1900 473 1975 quem
504 1878 567 1955 ille
598 1880 749 1955 divitem
778 1880 930 1966 fecerit,
973 1903 1082 1954 nemo

145 1978 366 2079 „pauperem
380 1976 502 2054 saciet.
552 1978 708 2055 Penuria
724 1978 826 2053 nulla
842 1980 909 2057 elle
923 1976 999 2074 jam
1016 2002 1081 2077 po·

151 2079 274 2171 „terit,
309 2101 398 2152 cum
426 2075 535 2153 semel
560 2076 683 2173 petius
708 2076 857 2152 coelestis
883 2077 1003 2172 sagina
1030 2077 1048 2152 s
1067 2122 1081 2137 ·

148 2178 358 2269 „tumuerit
408 2176 488 2275 Jam
509 2177 574 2251 tibi
592 2198 680 2251 auro
697 2175 855 2251 dillintla
876 2176 1080 2273 laquearia,

145 2278 205 2369 „&
227 2273 377 2375 pretiosr
408 2277 600 2351 marmoris
632 2274 754 2349 crustis
779 2276 903 2351 vestita
929 2277 1081 2350 domici·

145 2378 216 2468 ,lia
250 2374 473 2464 sordebunt,
505 2398 589 2449 cum
618 2373 737 2449 scieris
769 2387 807 2449 te
840 2375 1081 2450 excolendum

145 2476 308 2571 „magis,
358 2474 508 2551 domum
539 2475 605 2548 tibi
643 2472 711 2547 else
752 2474 846 2547 hanc
883 2475 1080 2572 potiorem,

145 2628 167 2667 „
189 2598 279 2651 uam
304 2572 489 2647 Dominus
514 2573 641 2648 insedit
667 2572 793 2673 templi
819 2574 917 2665 vice,
949 2574 1082 2670 inqua

143 2598 330 2772 ,gpiritus
347 2672 386 2747 S.
411 2673 520 2770 coepit
542 2672 717 2747 habitare.
768 2672 965 2766 Pingamus
987 2672 1082 2746 hanc

146 2776 321 2864 „domum
348 2772 543 2868 pigmentis
561 2768 799 2860 innocentiae,
832 2772 1081 2847 illuminemus

142 2874 245 2963 „luce
266 2869 426 2969 justitiae.
478 2870 562 2947 Non
583 2870 664 2945 haec
685 2894 846 2966 unquam
869 2870 1083 2968 procumbet

147 2972 200 3063 ,in
233 2968 382 3067 lapsum
418 2966 514 3043 senio
548 2969 753 3054 vetustatis,
797 2992 864 3044 nec
896 2972 1082 3066 pigmento

146 3072 342 3169 „parietis,
382 3082 446 3142 aut
482 3091 572 3142 auro
611 3068 837 3143 exolescente
874 3068 1080 3143 foedabitur.

148 3172 321 3261 „Caduca
346 3167 446 3253 sunt,
480 3188 705 3264 quaecunque
733 3165 855 3242 fucata
879 3168 981 3257 sunt,
1015 3192 1084 3242 nec

110 3308 114 3333 ι
148 3270 343 3361 „fiduciam
356 3270 518 3359 praebeut
531 3265 785 3362 pollidentibus
798 3266 978 3356 stabilem,
1001 3288 1084 3362 quac

152 3365 386 3466 „possessionis
405 3390 479 3438 non
494 3367 630 3441 habent
643 3366 845 3440 veritatem.
897 3365 990 3441 Haec
1006 3389 1084 3441 ma·

158 3482 231 3559 „net
264 3464 372 3542 cultu
399 3463 533 3559 jugiter
564 3465 707 3549 vivido,
747 3463 885 3538 bonore
918 3466 1082 3559 integro,

111 3626 119 3669 :
159 3565 360 3662 ,splendore
376 3564 567 3645 diuturno,
602 3563 738 3637 aboleri
762 3588 834 3636 non
858 3564 989 3660 potest,
1016 3586 1084 3637 neo

109 3724 123 3735 ..
158 3663 357 3759 „extingui,
376 3661 488 3755 potest
506 3673 649 3738 tantum
665 3664 703 3739 io
716 3660 850 3738 melius
864 3684 1013 3761 corpore
1028 3681 1084 3734 re·

110 3792 130 3857 „p
159 3764 307 3855 „deuote
323 3760 482 3839 formari.
974 3758 1084 3834 liur-

116 4042 135 4171 'l
