2466 4364
273 221 374 339 13η-
607 206 661 299 ''S.
681 194 890 324 C'ypnini'-
925 284 930 291 .

275 398 405 483 batur,
429 392 572 493 eoquod
587 394 634 471 ab
648 394 695 470 iis
709 394 760 470 dii
774 416 848 469 non
864 390 1082 471 colerentur.
1116 390 1216 471 Huic

177 563 183 589 ,.
274 498 319 573 in
340 497 411 569 hoo
431 496 523 571 libro
547 493 738 593 respondet
757 492 797 570 S.
814 492 1040 591 Cyprianus,
1067 490 1116 569 ,δι
1137 514 1218 593 pro·

175 626 178 631 ¹
273 596 366 680 tat,
383 594 477 691 ipsos
492 596 613 691 potius
628 584 796 669 ethnicos
811 592 969 668 cladium
986 593 1117 669 harum
1134 614 1218 669 cau

158 698 162 705 '
276 694 465 783 samesse,
495 694 639 791 eoquod
654 693 817 788 negiesto
831 693 908 767 veri
925 691 995 769 Dei
1008 690 1112 769 mltu
1126 690 1218 791 inju-

282 792 344 868 siis
368 793 672 890 persecutionibus
691 793 730 867 in
751 788 978 867 Christianos·
993 790 1218 899 flesaevirent.

183 942 188 951 -
282 892 449 969 Imitatur
470 906 594 969 autem
610 893 671 967 hic
692 891 730 968 S.
746 890 951 989 Cyprianus
970 892 1101 989 partim
1122 890 1219 989 Apo·

282 990 501 1087 logenam,
526 994 658 1091 partim
671 990 803 1067 librum
818 988 866 1066 ad
875 988 1070 1089 Scapulam
1078 986 1220 1066 Tertul-

280 1091 392 1177 liant,
427 1090 605 1188 hujusque
625 1090 708 1166 libri
731 1090 861 1165 diserte
883 1090 1051 1167 meminit
1070 1088 1221 1167 maun

277 1192 358 1265 tius
382 1191 462 1265 Diu.
482 1191 585 1292 inflia.
605 1190 628 1265 s.
641 1212 675 1286 5.
694 1216 723 1265 c.
746 1214 777 1265 r.
794 1189 837 1265 ss
848 1202 905 1287 4'.,
937 1187 1091 1265 Pontius
1111 1192 1151 1263 r'a
1163 1188 1220 1263 uit

281 1288 412 1386 Cyna,
446 1288 484 1367 ὃ(
510 1290 759 1387 Hieronymus
777 1288 831 1363 aas·
850 1288 975 1393 Mag„
1007 1289 1222 1387 videturque

281 1390 382 1465 circa
396 1408 532 1466 annum
550 1400 634 1486 252'.
652 1386 875 1487 conscriptus
888 1386 1001 1468 fuisse.
1208 1436 1212 1443 ·

464 1604 469 1615 ,
690 1570 808 1675 pn.

421 1744 424 1749 ’
563 1702 597 1736 ’“
642 1703 878 1823 Attnsyfis.

15 1924 18 1929 ·
99 1905 266 1971 Isoncsrt.
283 1916 322 1965 ·1.
353 1888 518 2021 §antius
536 1889 763 1991 Cyprianus,
796 1889 981 1989 postquam
1000 1886 1222 1984 &mansoni

92 1990 203 2088 stan,
211 1992 267 2073 sas
351 1995 375 2024 ⁸·
418 1991 573 2067 insolens
592 1991 862 2067 contradicendi
882 1988 1067 2085 ingenium
1090 1986 1224 2065 nullius

99 2074 206 2139 ‘sitm
282 2087 384 2161 sanae
403 2088 635 2184 persuasionis
653 2114 787 2187 capax,
820 2088 858 2165 δι
878 2090 1021 2185 patiens
1032 2083 1225 2185 arguisset,

65 2188 69 2213 ¹
99 2159 248 2225 arcarum
286 2187 438 2261 tandem
476 2189 523 2261 ad
561 2188 640 2286 ejus
674 2192 892 2287 praecipuam
930 2186 1226 2291 obtresiationem

99 2262 231 2388 22:35*
285 2298 415 2358 contra
425 2284 643 2361 Christianos
657 2290 893 2363 refellendam
906 2287 956 2360 ita
970 2287 1109 2383 pergit:
1129 2282 1227 2372 „sn

60 2388 64 2401 ’
99 2409 266 2495 anfosum,
284 2385 416 2472 ·„enim
432 2410 515 2460 cum
534 2386 635 2461 dicas
655 2389 776 2484 piures
792 2386 981 2483 conqueri,
1014 2384 1116 2481 quod
1133 2382 1226 2459 belsa

115 2515 150 2580 p.
165 2509 235 2578 278·
286 2484 478 2574 „crebrius
492 2483 656 2580 surgant,
678 2488 776 2583 quod
792 2486 891 2573 lues,
913 2485 1011 2581 quod
1026 2482 1226 2561 sames-ste·

290 2586 438 2671 „viant,
474 2584 642 2681 quodque
673 2587 829 2670 imbres,
863 2584 901 2660 δι
935 2582 1077 2680 pluvias
1107 2581 1226 2657 serena

122 2710 131 2720 ··
288 2684 427 2778 „ionga
442 2682 672 2782 suspendant,
700 2686 806 2760 nobis
818 2684 1010 2781 imputari,
1035 2680 1226 2758 tacerent·

45 2794 48 2801 '
289 2802 374 2871 „tra
398 2807 472 2857 non
497 2796 661 2879 oportet,
701 2808 747 2857 ne
776 2783 853 2880 jam
879 2807 952 2856 non
977 2780 1226 2867 verecundiae,

289 2879 378 2970 „sed
402 2878 614 2959 diffidentia
637 2883 704 2956 esse
723 2883 892 2978 incipiat,
926 2881 1023 2977 quod
1043 2895 1225 2971 tacemus3

289 2978 354 3068 „sc
372 2981 459 3056 dum
476 2982 747 3057 criminationes
762 2980 871 3056 salsas
887 2980 1158 3054 contemnimus
1175 3000 1226 3053 re·

288 3078 453 3168 ‚,si1tare,
471 3081 660 3156 videamur
673 3080 810 3159 crimen
828 3079 1030 3177 agnoscese.
1068 3076 1226 3175 Respon-

288 3180 385 3266 „deo
409 3179 518 3271 igitur
539 3178 576 3255 δι
603 3179 669 3254 tibi
693 3181 846 3276 pariter,
879 3177 917 3254 δι
936 3180 1103 3268 caeteris,
1137 3194 1227 3274 quos

288 3296 355 3365 „tu
385 3276 530 3351 forsitan
564 3278 771 3374 concitasti,
810 3279 927 3375 quon,
969 3279 1053 3375 quia
1081 3278 1228 3373 ignarus

288 3377 451 3464 „divinae
478 3378 715 3473 cognitionis,
751 3374 789 3451 ὃ(
810 3378 975 3453 veritatis
1002 3375 1229 3463 alienus'es,

288 3476 407 3565 „iilud
426 3477 542 3571 primo
564 3478 601 3550 in
617 3476 699 3549 loco
717 3474 806 3555 scire
824 3476 958 3566 debes,
989 3474 1137 3550 senuisse
1154 3472 1229 3587 jari

289 3574 513 3661 „mundum‚
538 3573 705 3651 nonillis
719 3576 861 3651 viribus
876 3576 984 3664 stare,
1006 3574 1140 3671 quibus
1153 3582 1229 3672 jani

286 3674 413 3773 „prius
430 3673 596 3766 steterat,
628 3698 697 3752 nec
713 3676 868 3772 vigore,-
892 3690 937 3753 ac
952 3674 1083 3751 robore
1101 3697 1149 3749 eo
1164 3694 1228 3747 va·

1102 3771 1227 3868 „lem
