2430 4366
139 297 152 317 ,
198 210 513 329 Morphrnfisin
528 210 780 330 Ecdaefiostm.
800 244 831 321 χ
866 158 951 331 320
995 244 1022 291 .·
1056 152 1074 241 Ῐ

111 440 132 489 ·,
163 402 277 491 animi
301 399 541 489 hilaritatem,
594 426 651 498 13.
686 382 945 479 &beneficen-
958 427 1032 496 Vp,
1071 424 1086 503 ⁵.

111 524 131 576 n
150 503 308 576 maxima
331 500 469 575 homini
491 501 586 575 bona
605 501 693 588 eiie,
746 526 800 598 14.
835 511 944 597 atquo
954 508 1118 598 tranquilia

111 623 133 672 o
153 598 298 677 brevem
319 599 413 674 hanc'
433 598 542 674 solam
568 598 791 698 voluptatem
814 597 1086 681 dividuam·

120 699 308 783 obvenire,
342 696 367 772 fi
389 698 495 772 rebus
514 700 681 793 gerendis
697 696 829 795 justitia
851 719 944 796 prat·
985 698 1080 763 ⁰³3·

111 820 120 887 ;
177 821 232 894 15.
264 795 302 872 at
326 819 411 872 vero
435 811 652 872 aeternarum
674 818 794 901 rernm
818 798 944 885 statui,
985 783 1080 846 Μ*

111 918 129 970 s
149 897 250 972 Deus
273 895 462 972 firmiffime
485 896 685 985 constituit,
715 896 783 974 nec
807 897 943 994 aliquid
987 863 1080 932 ω’
1149 900 1152 905 ’

111 998 244 1083 cahere,
254 996 463 1071 necaddere
472 996 651 1093 quispiam
661 995 789 1093 potest:
815 1001 870 1073 16.
881 1019 943 1072 ve·
988 1027 1018 1072 υ.
1030 1004 1080 1076 16.

112 1119 120 1170 ι
139 1096 400 1184 formidolosae,
432 1094 471 1172 &
491 1095 723 1171 admirabiles
743 1095 817 1171 illae
842 1095 942 1189 sunt,

112 1218 151 1270 ue
165 1217 218 1271 eae
232 1196 396 1291 quidam,
422 1194 592 1292 quaejam
607 1192 774 1282 fuerunt,
800 1193 942 1270 stabiles
1157 1260 1160 1269 ,

112 1307 210 1375 rent,
230 1317 311 1389 quae
325 1307 448 1369 antem
464 1296 597 1372 futurae
614 1292 714 1383 sunt,
730 1292 807 1392 jam
823 1293 945 1370 secun·
968 1370 970 1375 ,
1109 1310 1113 1331 ³

112 1417 126 1469 1
148 1393 403 1490 praescientiam
424 1395 632 1469 extiterunt.
684 1394 868 1471 Caeterum
887 1394 941 1482 is,
1044 1416 1047 1421 ·

114 1493 220 1567 taesns
233 1491 293 1579 est,
308 1492 386 1567 Deo
400 1494 614 1568 auxiliatore
627 1493 751 1568 utitur.
782 1517 837 1592 17.
854 1491 956 1577 Pon,
987 1526 1080 1595 w,

112 1618 143 1666 n
167 1591 315 1667 infernis
348 1595 509 1687 partibus
542 1591 703 1690 supplicii
733 1591 942 1667 barathrum

128 1692 260 1788 impios
279 1692 481 1787 excipiens,
514 1693 583 1789 piis
601 1704 728 1767 sonna
747 1690 866 1766 sedem
889 1689 943 1766 al·

112 1812 156 1867 m
182 1791 406 1887 patefattam.
468 1805 523 1876 18.
558 1789 653 1866 Illud
677 1812 821 1889 quoque
843 1791 942 1886 cogi·
986 1819 1079 1892 ως,

123 1944 135 1978 ,
160 1892 256 1985 apud
273 1891 391 1966 Deum
406 1890 559 1985 aequalia
576 1890 699 1965 omnia
712 1889 800 1980 effe,
826 1887 944 1987 existi·
979 1979 982 1985 ,

113 1990 152 2080 i,
176 1989 213 2064 dt
229 1989 396 2084 iudicari:
427 1989 526 2064 idem
546 1989 615 2063 eiie
629 1987 762 2087 justos,
796 1986 944 2086 &initio
1154 2073 1159 2083 ,

113 2142 122 2175 ,
146 2088 240 2162 idem
254 2088 426 2164 animalia
442 2089 581 2163 ratione
595 2089 748 2175 utentia,
770 2086 810 2164 dt
826 2088 949 2181 brutat
1013 2102 1027 2121 ‘'
1054 2104 1066 2113 ’“

134 2199 276 2283 tempus
304 2190 399 2271 enim
421 2188 589 2262 omnibus
607 2210 711 2284 aeque
733 2188 944 2264 admonium
983 2194 1077 2284 alra

151 2285 187 2362 &
214 2300 370 2361 mortem
392 2287 620 2383 impendere,
657 2287 826 2383 idemque
847 2287 945 2384 apud
1061 2306 1065 2313 ·

113 2409 161 2460 un
179 2386 246 2460 eiie
262 2387 471 2469 hominum,
497 2384 535 2460 dr
549 2384 795 2482 jumentorum
810 2409 947 2483 genus,

141 2498 283 2560 tantum
301 2485 491 2560 articulata
512 2487 612 2562 vocis
631 2486 831 2583 prolatione
853 2488 949 2560 inter

114 2581 254 2673 ¹iiferre,
279 2583 417 2680 reliqua
434 2597 557 2660 autem
574 2587 696 2660 omnia
717 2583 800 2681 ipsrs
816 2585 945 2660 eodem
1104 2652 1110 2661 .

114 2682 150 2756 io
174 2683 402 2780 contingere,
463 2711 522 2759 20.
554 2708 623 2758 neo
645 2698 801 2759 mortem
827 2685 945 2779 magis
986 2721 1116 2775 mo„

114 2795 224 2858 aetera
239 2783 421 2869 animalia,
445 2805 554 2878 quam
568 2784 606 2858 in
620 2781 788 2858 homines
801 2783 944 2877 grassari
1000 2858 1003 2863 ,
1115 2782 1122 2803 ‘

114 2881 188 2955 iicet
219 2879 328 2977 quood
356 2880 510 3055 corpn(s');
562 2908 621 2960 21.
657 2882 824 2963 omnibus
848 2883 945 2957 enim
987 2917 1019 2968 o.
1027 2915 1081 2970 21.

114 2981 218 3055 talem
245 2980 406 3075 spiritum
430 3005 449 3055 e
476 3004 515 3067 e,
550 3004 618 3056 nec
645 2982 842 3079 quidquam
868 3002 946 3059 om·
1083 2992 1094 3017 '⁴

114 3105 128 3154 a
168 3079 323 3176 amplius
364 3079 531 3155 homines
569 3079 722 3170 habere,
762 3079 821 3155 sed
859 3104 948 3156 cun·

117 3202 211 3254 vana
238 3180 325 3265 effe,
362 3182 408 3256 ab
437 3179 564 3254 eadem
593 3193 688 3255 terra
715 3192 948 3276 coagmenta·

114 3302 177 3353 rem
202 3278 394 3364 habentia,
428 3294 537 3375 atque
562 3278 600 3354 in
623 3279 790 3355 eamdem
803 3292 949 3368 ‚terram

115 3377 239 3474 psura3
264 3379 442 3454 incertum
462 3380 560 3453 enim
577 3377 645 3452 effe
661 3390 741 3454 turn
758 3378 805 3452 de
820 3378 949 3474 huma·

121 3478 331 3564 animabus,
365 3501 411 3553 an
436 3476 569 3555 iursurn
593 3476 838 3553 convolatura
859 3477 947 3564 sint,

115 3575 189 3649 ide
215 3576 382 3674 reliquis,
420 3598 509 3672 quas
535 3575 705 3651 animalia
727 3578 867 3651 ratione
887 3600 947 3651 ca-

115 3675 402 3780 iaacceperunt,
425 3697 472 3754 an
480 3673 638 3860 §eatstan
653 3674 944 3765 defluxuraestnt.

540 3794 564 3877 s
858 3798 945 3867 „aa
