2430 4366
476 144 712 304 Epistola(
760 192 781 243 ¹
854 235 858 239 ·
973 172 1083 309 ἐν

331 372 599 481 ῌιηετοωι
632 371 798 451 XXVIII.

117 562 121 567 -
158 499 320 581 nudat·
334 507 373 581 In
397 504 468 581 hac
489 504 646 603 Epistola
668 505 706 581 S.
727 504 934 602 Cyprianus
953 504 1037 582 Cle·

113 624 177 681 um
197 592 332 693 suurn,
363 605 460 700 qnod
482 602 617 703 Gajnr'n
642 604 861 680 Diddensem
882 605 993 681 Presb
1021 645 1039 666 ·

113 724 234 791 erum,
270 700 309 779 δι
330 702 541 779 Diaconum·
555 701 657 800 ejus,
689 706 752 800 qui
772 716 910 779 temere
933 630 1039 797 lans

113 803 435 889 ommunicabant,
470 826 493 879 a
524 806 780 879 communione
808 803 1036 899 removiffet,
1113 852 1120 872 .

113 922 128 975 r
147 901 324 979 hortatur
341 901 476 1000 ipsum,
510 914 553 978 ut
572 903 621 978 de
641 902 724 979 aliis
742 902 962 1001 quibusdam
982 903 1038 979 id·
1066 932 1069 936 ·

113 999 207 1098 psum
226 1000 378 1078 faciant.
606 1038 609 1045 ·

355 1166 617 1244 Enrsronn
651 1165 784 1242 XXIX.

160 1294 229 1372 Est
257 1295 419 1394 ejusdem
438 1297 644 1394 argumenti
666 1320 749 1373 cum
776 1298 916 1373 duabus
938 1316 1035 1395 'prae-
1162 1330 1168 1339 ¹

113 1394 310 1475 edentibus
338 1399 384 1472 ad
415 1397 563 1474 Clerum
590 1398 798 1473 Romanum
827 1396 873 1471 de
903 1397 1034 1474 iisdem
1179 1418 1183 1425 ’

113 1492 217 1593 ipsis,
246 1498 311 1594 qui
328 1495 391 1574 fibi
409 1518 536 1597 pacem
555 1496 710 1573 aPaulo
728 1496 893 1594 Martyre
911 1497 1048 1575 datam·

113 1593 340 1673 iudicabant.
560 1606 563 1615 '

361 1726 621 1841 Es1srons
656 1726 773 1805 XXX.
881 1738 884 1743 '

161 1855 427 1956 Compluribus
447 1858 615 1957 Epistolis
645 1859 806 1934 maxime
828 1880 917 1934 vero
942 1881 1034 1956 prae·

113 1956 243 2035 edenti·
255 1957 298 2038 S.
315 1952 519 2059 Cyprianus
539 1958 647 2034 crero
667 1958 834 2033 Romano
851 1958 1035 2033 indicave-
1158 2010 1161 2019 ·

113 2070 167 2145 at,
186 2058 282 2153 quid
302 2054 439 2153 negotii
462 2056 524 2134 fibi
546 2056 632 2155 lapsi
656 2056 883 2133 facefferent:
909 2058 948 2132 in
965 2057 1035 2134 hac

113 2156 199 2253 gitur
234 2156 395 2247 Epistola
432 2158 562 2233 Clerus
597 2157 786 2231 Romanus
822 2150 1034 2252 respondet,
1163 2242 1164 2247 Ν

113 2260 243 2354 iusque
264 2255 479 2332 sententiam
499 2258 538 2332 in
557 2256 726 2331 omnibus
745 2255 946 2331 confirmat.

357 2422 613 2497 Enrsronn
638 2420 769 2497 XXXI.

156 2554 273 2642 Quod
290 2554 327 2627 In
343 2552 561 2651 praecedenti
579 2551 735 2649 Epistola
752 2551 882 2628 Clerus
898 2553 1035 2629 Roma·
1086 2550 1091 2555 ’
1133 2612 1144 2623 ,

113 2675 153 2726 us
174 2652 328 2749 paucis,
354 2677 450 2729 nunc
471 2652 600 2737 latius,
630 2651 667 2726 δι
690 2650 801 2726 solide
818 2651 1032 2749 pertraitat,

113 2753 145 2827 bi
167 2753 288 2828 etInm
309 2753 424 2826 obiter
443 2751 480 2826 S.
502 2752 685 2846 Cypriano
710 2753 845 2846 gratias
868 2752 943 2846 agit
967 2774 1032 2847 pro
1193 2839 1198 2853 .

113 2851 206 2925 teris
230 2851 281 2925 ad
299 2850 504 2946 Martyres,
539 2848 577 2924 ὅ(
601 2849 825 2924 Confersores
846 2849 1032 2924 Romanos

113 2946 210 3027 siffis.
261 2948 403 3046 Scripta
422 2946 471 3023 est
491 2963 613 3024 autem
637 2950 718 3024 haec
739 2948 895 3044 Epistola
920 2952 973 3023 uti
995 2947 1034 3023 δι
1068 2955 1072 2963 ’
1192 2992 1195 2997 ,

113 3048 342 3123 raecedentes
367 3048 465 3122 Cleri
488 3048 646 3123 Romani
670 3061 823 3125 vacante
848 3046 929 3122 sede
957 3045 1035 3148 post

113 3160 251 3225 sortem
271 3146 421 3224 Fabiani
441 3148 561 3245 Papae.
581 3255 584 3259 Ι

246 3336 260 3349 ‘
338 3313 604 3388 Emscocn
639 3311 788 3388 XXXII.

163 3443 228 3519 Est
255 3442 293 3520 S.
317 3444 491 3542 Cypriani
511 3443 559 3518 ad
579 3443 729 3519 Clerum
753 3443 823 3518 suis
848 3442 894 3517 de
916 3441 1031 3519 literis

113 3543 254 3621 Romam
271 3567 294 3620 a
313 3542 348 3619 se
370 3541 501 3634 miffis,
531 3541 569 3619 n
587 3543 673 3618 inde
696 3543 865 3641 acceptis.
1022 3618 1025 3623 ,

451 3738 599 3838 ,34
