2430 4366
113 162 117 267 3
186 126 189 133 ’
293 122 473 287 runo
490 179 633 300 3333
652 180 851 285 &raum
865 162 990 329 333
1048 198 1107 305 83

113 309 127 471 i
165 368 416 465 ungaricis,
435 332 493 447 ⁸&
521 368 721 447 monilibus
749 371 958 462 adornatae,
995 394 1102 449 orna·

113 480 128 535 3
165 480 311 561 „ments
326 470 470 559 cordis,
494 468 534 546 &
548 468 701 567 postoris
715 472 959 568 perdiderunt.
1009 474 1102 567 Quis

113 590 137 643 r·
169 567 318 661 ‚uonid
339 581 551 658 execretur,
576 568 614 645 δι
632 570 769 666 fugiat,
792 569 892 668 quod
909 570 972 661 alii
991 570 1103 649 fuerit
1167 602 1172 617 ·

113 668 133 757 3,
172 664 335 761 ,βὶῑίοῗ
355 668 400 759 si
418 669 543 745 hausto
560 669 691 767 poculo
706 684 911 747 moreretur
930 670 1015 757 ille,
1040 671 1104 769 qui

113 768 135 842 'u‘
167 766 350 861 ,bibone
382 791 564 847 venenum
590 766 698 846 scires
721 769 808 859 esse,
825 768 939 868 ·quod
958 768 1022 845 ille
1039 795 1105 868 po·
1184 842 1198 861 „

113 864 136 941 η’
167 865 300 957 ,nvitz
329 891 428 945 nunc
452 884 592 965 quanta,
606 868 810 965 ignorantia
830 872 907 947 veri
929 868 999 955 est,
1024 870 1103 947 ani'·

113 961 136 1055 e'
162 966 232 1057 „mi
253 980 398 1061 quanta
417 966 601 1045 dementia
609 1021 625 1061 ,0
651 968 689 1043 id
711 968 826 1059 velle,
857 969 957 1068 quod
974 968 1012 1045 rit
1033 994 1100 1045 no·

125 1088 135 1139 :
163 1066 301 1157 „cuerit
326 1066 482 1165 semper,
512 1066 551 1144 δι
569 1081 722 1155 noceat,
754 1069 793 1145 δι
817 1083 966 1167 putare,
984 1069 1098 1164 ‘quod

113 1185 134 1269 3·
165 1164 266 1257 ,iude
297 1162 377 1241 isa
410 1190 484 1241 non
519 1188 667 1264 pereas,
705 1169 803 1243 unde
837 1169 930 1243 alios
961 1167 1097 1265 periisse

114 1274 128 1369 3
161 1187 410 1359 „mgnoiiasr
430 1265 559 1364 Neque
573 1269 670 1343 enim
685 1266 786 1343 Deus
801 1268 1008 1356 coccineas,
1032 1281 1098 1345 aut

158 1384 386 1461 „purpureas
410 1387 498 1441 oves
521 1366 629 1455 fecit,
661 1379 727 1442 aut
745 1366 939 1443 herbarum
959 1367 1096 1457 succis,
1176 1422 1180 1431 .

117 1480 122 1487 '
160 1462 219 1555 „ir
237 1463 450 1561 conchyliis
470 1465 627 1561 tingere,
659 1464 698 1541 &
720 1467 882 1542 colorare
904 1467 1009 1546 lanas
1031 1467 1098 1540 do·

155 1562 276 1653 „cuit,
304 1587 376 1639 nec
395 1564 563 1639 distiniiis
579 1586 689 1652 auro,
714 1564 869 1663 lapillis,
895 1565 933 1642 δι
953 1588 1098 1661 marga·

153 1664 258 1753 „ritis
273 1663 432 1739 monilia
446 1664 614 1753 instituit,
630 1665 760 1761 quibus
775 1666 974 1755 cervicem,
986 1688 1097 1763 quam
1133 1708 1136 1713 -

155 1760 289 1851 „fecit,
315 1760 575 1850 absconderes,
600 1779 642 1838 ut
659 1765 842 1862 operiatur
860 1764 973 1860 illud,
998 1762 1097 1861 quod

157 1860 345 2058 333
363 1861 1097 2059 33333333

157 2012 171 2051 r
341 2014 355 2047 r
866 2022 875 2040 ·
1078 2001 1097 2024 “

160 2082 262 2151 „uera
284 2060 414 2136 inferri
432 2062 580 2136 auribus
597 2063 698 2136 Deus
716 2062 855 2151 voluit,
886 2062 1021 2159 quibus
1038 2062 1095 2135 in·
1171 2104 1180 2115 -

156 2182 320 2249 „nocens
354 2161 474 2236 adhuc
506 2161 680 2248 infantia,
719 2160 758 2237 ἀ
790 2162 878 2237 mali
910 2160 1126 2239 saecularis.

153 2260 309 2355 ‚ignara
329 2262 528 2349 crucietur,
562 2274 605 2336 ut
626 2260 745 2358 postea
769 2261 815 2335 de
834 2261 976 2337 aurium
998 2260 1093 2334 cica-

156 2359 625 2554 ’ῗᾷξῖᾚέἒὲἷέΪέἐὶ
641 2358 1093 2555 {sitiemus

158 2508 170 2548 9
301 2512 312 2545 9
885 2514 896 2550 2

159 2557 415 2653 ,quantitate‘r
450 2561 541 2647 Quae
558 2560 679 2635 omnia
698 2572 926 2656 peccatores,
950 2557 988 2634 &
1004 2581 1092 2656 apo·
1158 2552 1166 2565 “

160 2656 285 2747 „stutae
303 2658 424 2752 angeli
445 2658 516 2735 suis
535 2660 674 2734 artibus
694 2659 952 2757 prodiderunt,
978 2679 1093 2754 quan·
1210 2690 1212 2697 ·

163 2758 228 2847 ,do
249 2758 300 2831 ad
318 2772 460 2832 terrena
481 2760 648 2854 contagia
668 2758 831 2834 devoluti
850 2782 874 2834 a
891 2756 1023 2834 coelesti
1039 2757 1093 2835 vi·

163 2878 271 2953 „gore
289 2857 514 2934 recefferunt.

229 3059 265 3130 6.
294 3053 373 3141 „Et
398 3054 544 3150 quidem
564 3054 629 3131 isto
656 3057 694 3131 in
719 3054 802 3130 loco
831 3078 905 3131 non
932 3053 1091 3150 virgines
1107 3063 1204 3127 Furor

162 3166 351 3244 „tuntum
377 3169 442 3228 aut
457 3155 606 3242 viduas,
633 3154 691 3229 sed
707 3152 745 3229 &
764 3167 896 3251 nuptas
914 3168 1022 3251 puto,
1053 3153 1091 3229 &
1104 3150 1215 3245 ruinis

113 3285 124 3343 i.
162 3276 314 3343 „omnes
337 3255 485 3327 omnino
501 3255 670 3330 foeminas
693 3256 960 3341 admonendas,
993 3254 1091 3350 quod
1105 3230 1202 3296 'uim‘

113 3374 125 3418 ι·
162 3376 275 3452 ,opus
294 3353 386 3441 Dei,
407 3353 444 3429 &
460 3354 595 3429 factura
611 3353 710 3452 ejus,
735 3353 773 3428 δι
789 3354 933 3451 plastica
949 3353 1090 3429 adulte·
1123 3337 1157 3406 Ρ·
1168 3333 1210 3399 ²3

113 3520 128 3535 ..
162 3456 253 3544 ,rari
269 3450 502 3528 nullomodo
518 3456 649 3531 debeat
666 3454 829 3528 adhibito
847 3454 941 3530 flavo
956 3452 1092 3539 colore,

113 3606 121 3635 ,.
162 3552 239 3642 „vel
261 3554 368 3647 nigro
389 3554 555 3649 pulvere,
585 3554 646 3629 vel
663 3555 814 3642 rubore,
848 3567 913 3630 aut
932 3551 1095 3649 quolibet

161 3653 341 3752 „denique
358 3650 578 3730 lineamenta
602 3655 726 3826 miiiva
744 3664 1097 3823 corrumpentedine·

686 3777 712 3851 4
974 3801 999 3841 „
1025 3770 1099 3823 lca·
