2430 4366
278 170 281 175 Ι
324 212 461 349 ,ΕΜ
476 213 521 301 ele
538 210 679 331 Lapfis.
896 248 978 345 ιρι
1062 284 1067 315 ,

113 418 162 475 rm
178 394 312 496 trepiu
326 398 448 475 minus
464 397 527 474 fibi
547 398 757 487 consulunt,
783 399 845 479 sub
863 392 977 480 nutri·

113 518 125 573 r
153 494 333 573 alimento
366 497 553 594 parvulam
586 499 699 577 liliam
734 498 975 595 reliquerunt:
1059 564 1065 574 .

113 592 231 673 [istam
254 596 379 672 nutrix
408 595 538 673 detulit
565 596 613 671 ad
639 594 890 693 magistratus:
922 600 978 678 illi

116 695 221 791 apud
234 694 376 793 idolum
394 716 524 792 panem
543 716 645 769 mero
668 696 845 783 mixtum,
877 700 975 795 quod

113 814 194 867 men
219 792 263 893 &j
283 794 400 891 ipsum
424 793 469 869 de
491 792 739 870 immolatione
774 794 975 890 supererat,

113 890 310 969 uiderunt
359 892 514 989 Recepit
532 890 642 967 liliam
659 892 883 989 postmodum
899 918 978 971 ma·

113 1010 145 1081 r,
178 988 242 1065 sed
261 990 402 1066 facinus
425 989 546 1087 puella
570 990 793 1067 commillum
817 1004 893 1067 tam
917 992 972 1069 lo·

113 1088 147 1177 i,
187 1110 301 1185 quam
323 1088 482 1163 indicare
506 1114 580 1164 non
603 1090 741 1187 potuit,
772 1112 884 1186 quam
909 1114 984 1170 nec

113 1184 273 1283 elligere
296 1188 397 1285 prius
421 1208 485 1285 per
504 1201 652 1263 aetatem
669 1187 805 1285 potuit,
836 1212 903 1263 nec
916 1209 975 1263 ar·

113 1306 157 1359 re.
212 1286 442 1383 Ignoratione
471 1288 582 1382 igitur
596 1286 795 1383 obreptum
827 1284 896 1377 est,
933 1300 976 1362 ut
1016 1348 1022 1363 ,

113 1382 347 1462 nificantibus
364 1383 469 1460 nobis
484 1408 567 1460 eam
581 1397 699 1461 mater
714 1384 872 1460 inferret.
899 1382 974 1460 Sed
1006 1426 1008 1433 ι

113 1482 161 1559 im
186 1480 309 1581 puella
337 1484 453 1561 mixta
476 1507 560 1561 cum
585 1482 729 1569 sannis,
764 1482 883 1581 precis
907 1507 973 1557 no·

113 1602 161 1669 te,
199 1580 242 1659 dc
276 1583 449 1657 orationis
478 1582 670 1681 impatiens
702 1605 808 1656 nunc·
827 1580 1024 1678 ploratu!¹

113 1680 230 1769 scuti,
254 1704 351 1756 nunc
369 1682 502 1757 mentis
519 1680 605 1757 aellu
627 1681 735 1778 caepit
750 1679 973 1755 fluibtabun·

122 1776 275 1877 inflari,
299 1775 457 1869 &velut
474 1793 611 1855 tortore
634 1777 678 1853 co
703 1791 807 1869 ente,
864 1778 972 1855 uibus

113 1886 206 1955 terat
223 1877 387 1967 iudiciis,
414 1879 664 1955 conscientiam
679 1802 765 1952 iam
783 1880 822 1953 in
838 1802 971 1973 iimpll·

113 1974 419 2053 rusadhucaonis
433 1977 533 2053 rudis
546 1977 667 2051 anima
681 1975 872 2053 fatebatur.
896 1974 968 2051 Ubi

113 2096 148 2151 to
174 2074 392 2151 solemnibus
424 2074 630 2173 adimpletis
660 2074 810 2149 calicem
834 2074 967 2151 Diaco-

113 2196 128 2249 s
149 2172 282 2250 offerre
299 2173 530 2271 praesentibus
550 2172 678 2270 caepit,
701 2170 739 2247 dt
757 2172 963 2270 accipienti·
978 2185 1132 2256 Emeum.

113 2273 291 2357 scaeteris
308 2272 408 2348 locus
425 2273 501 2371 ejus
526 2271 691 2360 advenit,
715 2270 845 2347 faciem
864 2269 962 2347 luam
968 2280 1034 2372 sno¹
1044 2280 1122 2355 pur-

113 2371 214 2447 tvula
234 2369 395 2447 instiniln
414 2372 545 2448 divinae
562 2369 758 2467 llajestatis
781 2383 962 2456 avertere,
973 2357 1052 2457 ΨΜ
1068 2352 1143 2454 (3⁶¹⁰

124 2468 236 2547 labiis
255 2471 504 2547 obturantibus
523 2489 704 2566 premere,
737 2469 886 2544 calicem
906 2489 961 2542 re·
974 2445 1012 2511 θ’
1027 2438 1108 2595 ίῧῖω
1134 2466 1137 2471 ’

113 2568 194 2647 lare.
249 2569 403 2646 Perstitit
423 2583 558 2665 tamen,
571 2569 775 2657 Diaconos,
808 2567 846 2644 δι
867 2540 1122 2678 rein-{aff

113 2669 169 2744 nti
205 2666 290 2742 licet
321 2668 367 2747 de
395 2668 629 2747 sacramento
655 2666 789 2742 Calicis
817 2664 961 2742 infudit.

113 2792 161 2842 nc
176 2766 336 2862 sequitur
349 2766 544 2865 fingultus‚
570 2765 608 2841 dc
625 2767 804 2840 vomitus:
829 2766 866 2839 in
883 2785 963 2838 cor·

113 2888 168 2955 re,
205 2880 314 2961 atque
341 2888 402 2941 ore
428 2868 563 2943 violato
586 2862 803 2945 Eucharistia
825 2884 965 2960 perma-

113 2987 145 3038 re
174 2989 249 3039 non
280 2967 415 3063 potuit:
451 2964 686 3040 santificatos
718 2964 756 3041 in
785 2960 969 3056 Sanguine

113 3064 212 3139 »mini
237 3075 344 3159 potus
370 3065 415 3139 de
441 3064 590 3165 pollutis
616 3061 807 3138 visceribus
831 3061 968 3155 erupit:
1138 3152 1142 3161 ¹

113 3176 164 3247 na
192 3160 241 3236 est
270 3163 423 3261 potestas
449 3162 622 3246 Domini,
660 3173 764 3236 tanta
790 3156 987 3256 Maiestas..

113 3287 145 3337 rc
174 3263 269 3335 circa
298 3261 499 3351 infantem,
538 3280 619 3354 quae
652 3258 700 3333 ad
726 3256 970 3354 eloquendum

114 3384 225 3435 enum
245 3362 340 3435 circa
358 3361 392 3437 se
414 3364 549 3437 crimen
567 3358 720 3433 necdum
737 3358 868 3437 habuit,
880 3368 970 3429 aeta·

113 3483 149 3534 u.
203 3457 256 3531 At
271 3481 357 3533 vero
372 3482 436 3545 ea,
462 3480 543 3555 quae
559 3470 669 3532 aetate
683 3455 847 3553 proveiia
866 3454 970 3530 lacti·

113 3557 259 3633 antibus
289 3558 393 3633 nobis
420 3559 575 3635 latenter
602 3553 777 3652 obrepsit,
815 3577 887 3630 non
920 3551 970 3624 ci·

114 3680 174 3749 m,
196 3653 257 3731 led
274 3656 436 3754 gladium
450 3657 512 3736 sibi
527 3654 681 3748 sumens,
702 3652 741 3733 δι
755 3651 855 3732 velut
870 3669 972 3745 quae·

506 3754 541 3829 G
566 3778 587 3847 3
858 3746 970 3843 „dam
