2430 4366
163 328 170 339 Ι
221 120 773 310 ’ΒιηὼωαιΜαηγιῑι
825 132 830 143 ’
880 174 968 307 ἑός
1044 136 1088 173 “

113 360 240 453 nrum.
290 375 348 451 De
384 378 546 475 utrisque
578 378 740 471 breviter
772 400 964 479 exponam
980 404 1098 498 gfff
1184 368 1193 381 '

113 476 231 551 niens
247 474 372 563 locus,
406 478 464 553 cui
484 500 618 563 nomen
638 477 896 574 gehenna‘est,
928 479 966 554 in
976 515 1083 583 pana.
1189 540 1192 545 .

113 570 185 673 ipse
197 575 395 664 convolvit,
412 575 587 673 quidquid
600 578 739 653 ardoris
752 570 862 653 emisti
872 577 968 655 edax
998 586 1116 668 5427.

113 696 213 753 mnu
231 676 416 751 cruciarit:
449 677 537 767 hos,
569 678 698 775 quibus
716 676 876 754 recusata
894 691 969 753 vox
1000 752 1003 763 ,

113 775 237 864 urrini,
258 773 297 852 dt
315 775 466 872 imperia
483 775 584 853 fuere
604 787 832 874 contempta,
854 773 972 876 dispa-
1109 810 1117 840 ι

113 896 165 949 us
179 886 325 949 coercet
341 875 480 951 exitiis:
512 875 552 952 dc
572 875 665 952 alins
687 874 972 973 quidemmnler

113 974 304 1050 ulerabilis
321 986 468 1064 curvat,
498 975 591 1052 alins
612 996 676 1074 per
694 976 887 1073 abruptum
905 975 973 1052 'cli-

113 1070 317 1153 srtmmitis
337 1074 470 1159 collem
487 1075 543 1153 vis
563 1077 657 1152 saeva
680 1076 901 1174 praecipitat,
934 1072 975 1152 δι

113 1182 276 1249 renatum
299 1171 521 1254 stridentium
541 1197 677 1251 nexum
700 1196 809 1272 grave
830 1168 973 1275 pondus
1062 1212 1063 1217 Ν

113 1271 227 1349 :linat
277 1271 389 1363 Sunt,
418 1272 457 1350 δι
473 1297 566 1373 quos
581 1296 694 1371 agens
710 1273 852 1350 stristim
869 1286 972 1362 rota,

121 1371 295 1448 indefeffa
313 1373 473 1469 vertigo,
507 1372 546 1451 δι
569 1395 661 1471 quos
682 1373 800 1451 tenaci
820 1374 915 1449 inter
938 1370 975 1448 se

113 1470 242 1547 nfitate
259 1471 462 1548 constridios
479 1474 670 1550 adhaerens
686 1471 827 1572 corpori
842 1478 975 1569 corpds
1076 1540 1080 1547 .

113 1570 249 1661 indat,
281 1571 378 1649 ut&
394 1571 559 1649 absumat
576 1573 803 1661 incendium,
833 1572 873 1649 ὅ(
891 1590 974 1668 gra·
1008 1618 1011 1625 »
1155 1631 1160 1639 .

113 1670 308 1760 tferrum‚
345 1671 385 1748 &
416 1672 601 1750 excruciet
630 1675 737 1749 turba
761 1671 971 1748 multorum.
1097 1760 1102 1769 x

113 1771 207 1846 ribus
238 1783 361 1848 autem
393 1771 581 1870 inquifitus
610 1770 746 1871 semper
777 1771 849 1847 fuit
871 1770 974 1846 Deus
1076 1818 1082 1837 »

113 1881 290 1969 tuetur,
324 1894 509 1971 nunquam
533 1872 671 1948 excidit
694 1869 823 1948 Christi
847 1871 971 1957 locus,
989 1870 1060 1955 cmi
1072 1884 1124 1955 ἡ.

113 1970 128 2044 i
144 1967 243 2066 jacet
256 1971 392 2066 gratia,
423 1973 485 2049 ubi
499 1971 700 2048 virentibus
720 1970 857 2070 campis
877 1970 1114 2060 terrascriptiu

113 2068 256 2144 rurians
271 2070 419 2168 alumno
431 2071 466 2146 se
481 2071 601 2147 induit
617 2070 790 2167 gramine.
841 2068 973 2147 Omnia

113 2192 141 2242 ;ο
158 2193 233 2244 non
250 2169 415 2266 frigoris,
445 2194 513 2247 nec
530 2170 690 2260 ardoris,
723 2170 832 2247 unius
848 2167 975 2245 cunita

113 2271 359 2366 irremotis,
382 2270 491 2345 unius
509 2294 616 2365 poma
635 2270 801 2345 seruntur
821 2267 975 2361 aestatim

113 2368 199 2465 ippe
217 2392 301 2444 cum
320 2394 388 2445 nec
405 2367 586 2446 mensibus
604 2370 676 2445 suis
695 2381 782 2444 tunc
800 2367 888 2444 luna
911 2368 976 2443 de·

113 2470 219 2556 rviat,
251 2492 319 2544 nec
344 2491 407 2566 per
429 2469 601 2544 horarum
628 2468 678 2543 sol
700 2478 885 2544 momenta
911 2466 974 2542 de·

113 2580 208 2657 rrat,
237 2570 362 2643 autin
385 2569 524 2644 nostem
551 2570 615 2644 lux
636 2569 761 2664 fugata
787 2565 975 2642 concedat.

113 2669 192 2743 ubet
208 2669 362 2766 populos
381 2669 485 2765 quies
509 2669 616 2755 laeta,
653 2667 752 2755 sedes
776 2677 876 2743 tenet
896 2664 975 2764 pl'a·

113 2767 171 2856 ir,
201 2768 264 2843 ubi
285 2766 369 2842 fons
394 2767 589 2844 scaturiens
609 2768 752 2842 medius
778 2765 855 2842 smu
878 2763 975 2841 alvei

113 2868 336 2964 nrumpentis
366 2870 531 2963 emergit.
592 2867 690 2942 Hinc
723 2884 811 2962 ergo
843 2886 977 2960 magna

113 2987 149 3039 us
174 2967 400 3063 Martyrum,
434 2967 520 3043 hinc
550 2966 683 3042 nobilis
710 2987 843 3040 corona
866 2964 979 3040 visto·

113 3088 172 3155 m,
196 3066 329 3163 quibus
342 3065 480 3165 majora
493 3065 552 3140 his
564 3063 768 3164 repromiffa
780 3062 873 3154 sunt,
898 3063 979 3162 qui·

113 3188 137 3238 „s
161 3167 319 3241 auitiora
344 3167 426 3242 sunt
450 3167 610 3262 praemia.
670 3163 777 3253 Quod
801 3186 888 3240 vero
917 3161 978 3238 vel

113 3264 155 3339 ris
176 3288 306 3362 corpus
330 3264 518 3361 objicitur,
545 3265 605 3341 vel
622 3264 816 3348 imminens
832 3263 978 3360 gladius

113 3388 142 3437 n
171 3365 343 3457 timetur,
381 3365 601 3461 dignationis
634 3364 830 3440 ostenditur
860 3363 978 3454 ratio,

113 3461 315 3538 rnifestntur
329 3463 473 3558 etenim
497 3465 632 3547 etenim
644 3465 885 3562 incongruens
898 3465 978 3539 fue·

112 3576 147 3648 t,
180 3573 242 3651 ut,
278 3585 387 3660 quern
413 3586 559 3662 aequum
583 3565 676 3642 tanti
700 3565 862 3643 muneris
882 3561 978 3663 judi·

113 3661 195 3760 det,
224 3661 603 3756 innundantia,
636 3666 829 3773 sordetque
843 3665 978 3744 retine·

511 3767 591 3871 Rs
707 3834 712 3847 ι
883 3772 977 3862 „ren
