2430 4366
369 212 546 342 Operam
564 178 836 359 Pragmatio,
979 202 1063 338 453
1118 189 1120 193 ι
1186 298 1189 305 ,

118 428 243 502 ,mem
274 411 466 509 quemdam
497 412 653 487 Metram
684 409 830 487 nomine
858 420 1063 506 correptum

122 509 271 607 „impia
285 512 395 586 verba
411 514 569 608 proferre
585 510 733 609 jubent,
759 509 875 606 quod,
901 531 984 584 cum
1001 509 1065 583 ille

122 610 334 697 „abnueret
357 609 507 686 fustibus
532 610 717 685 hominem
743 608 994 696 verberantes,
1022 607 1065 684 ὅ(

121 709 277 797 „acuta
305 709 540 804 arundinibus
566 707 708 786 vultum
733 706 833 806 ejus,
868 706 1066 804 oculosque
1132 719 1134 723 ’

119 823 377 905 „pungentes,
403 809 596 884 dedudium
610 808 647 882 in
663 806 869 891 suburbium
880 805 1066 905 lapidibus
1190 810 1197 827 ‘

119 906 363 997 „obruerunt
415 905 496 984 Post
515 908 595 984 haec
608 905 754 983 fidelem
769 907 965 1004 quamdam
984 918 1065 982 mu'-

119 1004 309 1103 „lierem,
347 1008 520 1096 Quintam
545 1008 711 1094 nomine,
749 1006 890 1081 idolum
913 1006 1065 1083 adorare
1080 1015 1201 1104 ραῐηω

119 1107 343 1205 „nolentem
367 1105 559 1182 constristis
584 1105 737 1204 pedibus
760 1127 823 1201 per
843 1105 956 1181 totius
977 1105 1065 1182 civi·

118 1207 247 1294 „tatis
264 1206 364 1280 vicos
383 1206 506 1305 aspero
524 1203 620 1280 filice
644 1203 840 1281 constratos
865 1204 1066 1301 rapientes,
1199 1254 1202 1263 »

117 1301 254 1395 „saxis
276 1304 405 1382 illisam
425 1304 643 1395 molaribus,
677 1303 800 1400 flagris
821 1301 964 1401 insuper
987 1323 1068 1380 ver·

118 1402 327 1494 „berantes
357 1405 395 1480 in
424 1404 591 1480 suburbio
624 1402 803 1504 lapidibus
834 1402 1066 1479 interficiunt.
1149 1406 1152 1411 ’

118 1500 296 1595 „Onines
310 1503 464 1600 denique
477 1504 747 1601 unoimpetuin
761 1502 1069 1578 domosChristia·
1131 1534 1134 1540 ·

116 1624 291 1694 „norum
302 1603 437 1677 irruere
453 1616 649 1700 caeperunt,
668 1600 707 1678 dc
723 1625 815 1698 quos
830 1624 993 1700 quosque
1006 1600 1070 1678 ubi
1187 1652 1189 1657 -

125 1702 300 1793 „vicinos
316 1716 484 1791 noverat,
510 1725 574 1777 eos
599 1702 835 1798 diripiebant,
860 1701 1012 1798 pretiosa
1029 1701 1068 1776 in
1116 1736 1117 1739 Ν
1198 1754 1201 1759 ·

130 1798 278 1893 ‚dnum
293 1797 394 1877 suurn
407 1813 681 1898 congregantes.
730 1800 874 1877 Fratres
889 1822 973 1876 vero
988 1799 1069 1901 sub·

124 1900 342 1995 „ducebant
375 1899 410 1975 se
442 1900 554 1995 fuga,
594 1924 662 1976 nec
694 1921 822 1977 eorum
853 1899 1070 1997 quisquam,

124 1999 258 2099 „quod
274 1999 442 2114 equidem
457 2000 585 2089 sciam,
602 1992 776 2080 hedenus
790 2000 938 2101 quidem
949 1999 1070 2082 Deum

125 2111 320 2199 „negavit

1037 2222 1042 2256 Ι

208 2323 244 2377 2.
280 2295 380 2387 „Sed
412 2291 451 2373 δι
483 2294 733 2389 admirandam
765 2294 868 2373 illam
898 2294 1215 2402 profedaesApot

132 2395 233 2494 ,pam
256 2396 377 2472 aeratis
402 2396 579 2491 virginem
598 2394 832 2491 Apolloniam
853 2410 941 2473 tunc
968 2396 1215 2473 com-mermi

132 2495 449 2595 „preheuderunt,
480 2493 518 2571 dt
539 2495 684 2570 cuniios
701 2496 736 2572 ei
760 2496 888 2572 dentes
913 2496 1069 2573 excutie-

131 2609 259 2689 ‚,runt
309 2593 471 2671 Accenso
488 2608 613 2675 autern
629 2607 734 2670 extra
752 2597 878 2671 urbem
897 2619 987 2692 rogo
1002 2599 1072 2672 mi·
1204 2684 1209 2695 x

134 2697 361 2788 „nabantur,
396 2696 514 2770 vivam
534 2693 687 2769 seillam
705 2696 973 2785 combusturas,
1008 2694 1073 2772 nist

133 2817 333 2887 „unacum
353 2792 435 2890 ipsrs
450 2795 559 2889 impia
578 2795 687 2868 verba
709 2796 969 2890 pronuntiaret.
1018 2794 1073 2871 At

133 2895 226 2989 „illa
251 2895 394 2968 veniam
411 2890 595 2989 ‚paulisper
619 2892 799 2988 deprecari
827 2893 926 2983 visa,
961 2906 1072 2991 atque
1155 2926 1174 2978 ς

134 2994 308 3085 „interim
333 2991 491 3080 dimiffa,
531 2990 696 3065 celeriter
720 2993 757 3066 in
781 2991 903 3087 ignem
927 2993 1072 3081 insiliit,

135 3092 201 3187 „dt
218 3090 465 3189 conflagravit.
501 3089 682 3167 Praeterea
697 3090 932 3186 Serapionem
947 3116 1072 3189 quem-
1087 3096 1208 3197 Sarapi·

135 3193 250 3285 „dam
271 3189 497 3267 acerbiffimis
517 3190 708 3266 tormentis
730 3193 1002 3280 excruciarunt,
1035 3192 1073 3268 ὅ(
1088 3204 1147 3250 ⁹³²⁸·

139 3292 339 3386 „membris
372 3291 541 3367 omnibus
573 3287 792 3366 confradium
815 3312 862 3365 ex
887 3291 1074 3369 caenaculo
1175 3347 1181 3353 -

140 3391 387 3497 „praecipitem
412 3388 630 3488 dejecerunt.

213 3615 248 3686 3.
261 3548 262 3555 Ν
274 3587 482 3681 „Praeterea
497 3585 661 3688 Julianus
676 3585 733 3662 vir
750 3586 920 3683 podagrae
940 3586 1071 3662 dolori-
1141 3592 1214 3661 liam

148 3687 237 3784 „bus
262 3686 488 3784 conminus,
521 3686 583 3786 qui
607 3708 675 3862 ιὲθὲ
694 3683 789 3866 Βᾶτε
814 3701 975 3786 poterat,
992 3710 1075 3877 ’mele
1134 3680 1210 3768 Seu,

1004 3839 1017 3877 5
1106 3858 1115 3869 .
