2430 4366
139 210 226 325 eta
390 218 738 337 ----s.·cypuou

139 402 349 507 „eorpdris,
370 402 556 503 durosque
634 405 773 494 cietur,
796 396 970 504 ontuoh

3 560 6 567 .
96 559 99 568 .
137 526 258 596 „nuru
277 525 392 600 genus
409 504 573 603 quotidie
629 506 785 600 rigatur,
818 502 970 602 patienn'

141 602 312 698 „cessuria
336 602 409 696 est3
440 626 526 681 unm
550 628 634 680 oum
658 606 707 679 in·
723 603 787 680 illa
814 602 935 701 prima
956 614 970 678 t

141 701 340 800 „groslione
359 705 530 802 praecepti
550 703 702 783 firmitas
724 703 884 805 corporis
903 724 970 777 cun

140 802 390 895 „mortalitate
407 800 615 892 discesserit,
640 814 804 901 oportet,
829 802 869 879 in
887 799 958 876 lare

140 901 296 996 „mitate
312 924 481 998 corporea
499 902 625 978 lutlari
643 900 800 998 semper,
824 900 864 978 dt
882 922 970 997 cong

137 998 970 1180 »unkunnandinusn

137 1150 164 1190 rr
324 1157 333 1175 ·

140 1199 407 1295 ,importantur
425 1200 589 1288 dolores,
622 1200 659 1283 dt
683 1200 877 1297 multiplex
900 1211 970 1274 tent

140 1320 257 1388 „num
268 1298 423 1394 qualitas
436 1300 616 1393 irrogatur
627 1300 673 1373 de
682 1297 829 1396 jasturis
842 1297 970 1374 facult!

140 1396 215 1487 „de
233 1398 421 1472 ardoribus
441 1397 617 1485 febrium,
650 1398 696 1473 de
713 1399 970 1474 cruciatibuse

141 1518 272 1588 „rum,
297 1496 343 1571 de
360 1494 542 1572 amissione
560 1498 771 1572 charorum:
796 1520 863 1570 nec
878 1496 970 1573 aliut

137 1596 222 1691 „gis
238 1596 333 1693 inter
351 1593 462 1692 jonos
482 1594 673 1683 discernit,
704 1595 741 1671 dt
760 1593 927 1710 injustos,

136 1694 319 1791 „quodin
341 1693 497 1771 adversis
519 1719 582 1797 per
603 1696 866 1794 impatientrum
888 1716 970 1788 que·

135 1791 203 1886 o&
220 1792 449 1893 blasphemat
466 1793 634 1892 injustus,
667 1794 841 1891 patientia
857 1791 970 1889 Justn

134 1892 278 1985 „butun
329 1890 391 1974 sic
404 1893 471 1994 Job
488 1895 717 1969 examinatus
735 1891 802 1980 est,
826 1891 865 1967 dr
884 1896 970 1987 prol

44 2028 47 2045 ι
128 1990 200 2081 ·„&
215 1990 263 2077 ad
277 1989 456 2068 summum
470 1993 648 2089 fastigium
662 1991 781 2068 laudis
797 1992 970 2088 patientia

131 2101 240 2180 „tute
264 2090 463 2189 provettus.
513 2091 812 2188 Tobiaequoque
831 2090 907 2188 post
923 2088 970 2185 ju

132 2189 357 2287 „sumopere
377 2190 568 2286 magnilica
587 2190 766 2266 luminum
785 2186 965 2267 amissione

132 2299 282 2379 „tatum
312 2289 544 2385 inquantum
564 2291 742 2388 patienter
763 2291 959 2367 caecitatem

132 2386 271 2480 ·„tulit,
304 2387 509 2467 intantum
533 2388 858 2491 granditerDeum
881 2389 970 2487 palie

132 2487 268 2580 „laude
283 2488 491 2585 promeruit.
642 2522 652 2537 ··
685 2486 692 2497 '

8 2707 115 2770 utien-
205 2706 247 2785 7..
273 2682 386 2763 mxu.
414 2685 564 2786 „Atque
588 2694 631 2763 ut
650 2686 768 2783 magis
792 2685 966 2784 patientiae

1 2789 106 2855 imola.
135 2805 249 2872 „num
266 2783 408 2876 luceat,
439 2788 526 2883 quid
547 2786 635 2862 mali
655 2786 857 2861 econtrario
876 2786 970 2881 impar

21 2890 93 2958 317·
133 2883 211 2971 „tia
227 2879 418 2980 importet,
443 2884 725 2978 consideremus3
751 2908 835 2960 nam
854 2885 908 2960 uti
924 2895 970 2980 pat

130 2983 208 3070 „tia
228 2982 363 3057 bonum
380 2984 507 3059 Chrilli
525 2983 594 3072 est,
626 2983 673 3059 fic
693 2998 820 3067 contra
839 2984 970 3080 impetit

131 3080 293 3172 „diaboli
310 3083 448 3156 malum
467 3083 533 3159 est:
559 3084 597 3159 dt
615 3082 704 3158 ficut
722 3084 761 3156 in
781 3104 853 3179 quo
871 3082 970 3157 inhah

129 3176 196 3267 „dt
212 3193 336 3254 manet
352 3181 530 3270 Christus,
555 3182 696 3278 patiens
710 3182 909 3277 invenitur3
930 3182 970 3256 ita

127 3280 295 3375 „patiens
313 3277 449 3376 semper
465 3280 602 3369 existit,
629 3279 734 3376 eujus
751 3294 911 3356 mentem
929 3280 970 3354 dir

125 3377 314 3471 „nequitia
332 3378 490 3475 poliidet.
541 3380 702 3457 Exordia
734 3378 889 3476 denique
914 3378 970 3476 ipsi

126 3474 316 3567 „deumne
368 3477 755 3566 Diabolushominem
783 3477 847 3555 ad'·
863 3477 970 3572 imagi

122 3575 221 3667 „Dei
245 3574 379 3653 saltum
397 3579 626 3676 impatienter
645 3577 755 3667 tulit,
788 3576 875 3676 inde
896 3575 934 3654 dt
952 3599 970 3675 p

125 3675 312 3776 „primun
345 3676 581 3776 &perdidit
620 3675 742 3755 Adam
769 3688 908 3759 contra
923 3696 970 3749 cu

193 3822 227 3839 '''
360 3850 363 3854 Δ
628 3820 633 3829 ’
943 3828 968 3865 99
