2430 4366
311 170 369 301 30
661 179 907 309 s..cprnnr
983 148 986 172 '

374 352 384 357 ’
479 391 483 401 ’
569 317 858 447 'Enrsronn
893 364 969 445 LII.

137 536 200 604 σιν
214 535 305 618 rigor
324 556 345 618 -3
382 500 487 581 -Cum
510 498 743 579 Antonianos
766 501 925 600 acceptis
949 499 1064 576 literis
1088 522 1109 575 a

135 624 171 687 ir
186 627 264 685 reu-
320 613 420 679 nouo
435 603 474 678 in
488 614 609 698 partes
625 603 724 678 illius
741 603 864 677 animo
880 600 1109 699 pro-penderet

131 702 255 792 viendis
319 701 440 777 firmat
457 700 567 789 illum
576 702 614 777 S.
631 703 840 799 Cyprianus
853 701 892 776 in
908 699 1026 797 priori¹
1036 699 1095 775 lua

136 789 305 876 tapststem-
320 800 392 888 tia,
416 814 461 876 ut
475 824 605 907 nempe
623 825 706 877 curn
726 801 763 877 S.
774 799 963 888 Cornelio,
989 800 1059 873 hoc
1076 797 1109 872 el

134 882 271 961 imm·
322 899 481 976 Ecclesra
499 900 679 976 catholica
698 900 964 976 communicare
981 910 1108 997 pergat

178 973 275 1044 9'95'
319 1013 361 1075 ut
391 998 445 1075 illi
475 998 705 1097 persuadeat,
739 999 854 1076 totius
884 999 1072 1095 tragoediae
1099 998 1110 1072 i

320 1097 553 1188 Cornelium,
585 1099 624 1177 dr
655 1098 904 1174 Novatianum
936 1096 1109 1174 historiam

320 1197 420 1274 Ante
441 1200 564 1275 omnia
584 1210 709 1274 autem
729 1196 763 1273 le
785 1197 951 1273 excusat:
991 1198 1109 1286 „Quor

319 1297 504 1396 „primum
545 1298 794 1394 evangelicum
834 1299 996 1393 vigorem
1033 1295 1109 1371 defe

320 1394 468 1496 „postea
495 1398 658 1474 animum
679 1396 781 1474 suum
808 1396 1034 1494 adisciplina
1059 1396 1109 1492 pri

214 1548 218 1553 -
321 1495 434 1588 „xille
448 1495 627 1586 videatur,
651 1497 789 1585 uthis,
810 1496 871 1593 qui
888 1494 1109 1570 conscientia]

264 1609 273 1623 ‘
321 1595 628 1687 „maculaverint‚
652 1596 712 1673 vel
732 1595 890 1670 nefanda
914 1595 1086 1670 sacrificia
1107 1631 1109 1655 r

322 1693 481 1785 ‚,serint,
516 1694 711 1772 laxandam
739 1717 866 1793 pacem
880 1693 1088 1793 putaverit.

322 1794 424 1885 ‚,ait„
448 1812 532 1870 cunr
546 1796 643 1869 acies
659 1793 778 1870 adhuc
791 1794 1030 1868 intermunus
1048 1792 1109 1866 elie

322 1894 498 1984 „hortatu
517 1893 676 1971 militum
689 1893 786 1968 vires
805 1892 953 1968 fuerunt
968 1892 1109 1967 excitan

322 1994 520 2083 „maxime-
542 1991 721 2092 lapsorum
750 2003 894 2068 mentes
930 1990 1070 2067 claffico
1102 2017 1109 2061 r

323 2091 478 2181 „nollrae
493 2093 596 2169 vocis
612 2092 838 2181 animandae,
865 2105 907 2167 ut
923 2092 1109 2190 poenitenti

324 2215 425 2281 „non
450 2190 566 2268 solum
585 2191 772 2290 precibus,
805 2190 844 2268 ὅτ
866 2191 1109 2267 lamentation:

323 2305 565 2386 ,‚querentur‚
602 2286 662 2365 sed
685 2290 733 2364 ad
757 2289 983 2366 confeffionis
1006 2291 1108 2387 potiu

323 2413 449 2481 „rem,
489 2388 529 2466 dr
568 2391 736 2486 lllartyrii
775 2390 928 2484 gloriam
963 2413 1109 2488 provoca

323 2489 599 2582 „Persecutione
623 2511 710 2564 vero
728 2485 859 2586 sopita,
889 2490 1109 2582 cumldatar

322 2588 489 2679 ‚,cultas,
512 2588 550 2665 in
572 2611 685 2664 unum
702 2589 960 2675 conveniendi,
991 2588 1109 2686 copiol

254 2728 257 2735 ·
321 2688 538 2786 „scoporum
560 2710 734 2764 numerus
758 2686 940 2784 scripturis
956 2689 1018 2763 diu
1038 2712 1109 2760 err*

176 2834 189 2855 ψ
321 2802 450 2886 ‚sparte
466 2787 616 2885 prolatis
635 2800 962 2885 temperamentum
987 2786 1109 2862 salubri

321 2888 490 2976 „ratione
518 2886 755 2975 libravimus,
794 2899 837 2961 ut
866 2910 934 2961 nec
959 2888 997 2960 in
1031 2900 1109 2960 totu

322 2986 688 3076 „communicationis
708 2984 813 3083 lapsrs
830 2985 1089 3087 denegaretur,

320 3085 595 3184 „desperatione
626 3085 840 3174 deficerent,
880 3109 949 3160 nec
983 3100 1108 3160 tamen

320 3184 496 3279 „censura
523 3185 732 3282 evangelica
764 3183 980 3272 solveretur,
1021 3201 1107 3261 uta

198 3288 205 3307 ⁴
321 3284 633 3374 „munioationem
649 3298 789 3360 temere
800 3283 1016 3381 prosilirent:
1035 3286 1109 3380 quir

192 3418 196 3427 ·
322 3382 541 3473 „Cornelius
573 3409 657 3460 cum
687 3383 852 3481 plurimis
878 3384 1108 3482 Coepiscopis

159 3485 197 3549 f
320 3481 502 3573 „concilio
539 3483 578 3562 in
616 3483 783 3562 eamdem
817 3481 1009 3563 nobiscum
1045 3483 1109 3574 lep

112 3674 120 3703 Ι
299 3579 531 3674 „consensrt
1083 3579 1088 3592 “
