2430 4366
237 213 284 303 o
300 158 401 305 ulli
414 209 589 329 water
603 212 785 331 appara.
880 138 1032 336 3133
1129 180 1134 201 ’

113 376 119 387 ’
195 372 247 391 ”
320 390 852 513 can-urm.
950 450 956 463 ·

113 595 236 685 „Quia
254 587 347 672 vero
364 596 427 674 lex
456 595 622 695 spiritalis
646 597 849 697 spiritaliter
872 597 962 675 reci·
976 626 1138 700 Amy,

113 696 196 772 enda
211 694 279 784 est,
311 698 429 794 primo
449 697 757 785 memorantem
789 696 961 797 quidquid
975 715 1134 785 immund.

134 817 157 868 a
183 794 262 870 Deo
285 795 484 874 institutum
506 798 683 873 mundum
706 796 792 887 elie,
828 794 867 874 δι
888 796 962 894 ipsa
975 800 1052 899 viria
1068 796 1124 896 lo-

113 890 292 970 titutionis
306 895 515 972 auetoritate
528 912 739 994 purgatum,
755 913 872 994 neque
886 893 958 975 cul·
975 903 1097 950 mnam>

113 992 243 1080 ndum,
276 1019 323 1070 ne
353 996 390 1071 in
418 994 597 1071 cultorem
631 996 735 1091 culpa
763 966 1105 1085 revocetur.st3'⁸⁰¹⁸'⁶

113 1092 206 1166 einde
224 1092 342 1190 legem
362 1095 408 1169 ad
428 1095 499 1170 hoc
516 1094 602 1170 fillis
621 1093 727 1169 lsrael
746 1095 889 1181 damin,
916 1100 964 1183 ut

113 1212 126 1263 r
149 1190 249 1267 illam
274 1192 506 1289 proficerent,
539 1192 578 1270 &
599 1194 758 1268 redirent
779 1193 826 1267 ad
849 1193 965 1269 bonos
1048 1202 1076 1226 ⁸

113 1311 200 1378 nes,
234 1313 325 1389 qnos
343 1316 426 1368 cum
445 1316 467 1368 a
484 1292 645 1390 patribus
666 1290 895 1389 aceeplllent,
926 1292 966 1369 in

113 1404 224 1487 gypto
239 1406 382 1488 propter
395 1392 690 1468 consuetudinem
703 1391 864 1468 barbarae
878 1414 967 1487 gen·
1103 1441 1109 1459 ι

127 1505 375 1587 corruperant:
402 1491 574 1591 proficere
589 1506 712 1567 autem
729 1502 895 1591 poterant
911 1490 968 1566 in·
1061 1581 1065 1591 Ι

114 1587 225 1675 ledo,
257 1591 338 1687 plus
362 1591 399 1665 in
424 1592 633 1666 hominibus
663 1589 965 1687 profugiendo,
1044 1604 1052 1633 ²

113 1708 143 1761 ae
156 1687 216 1761 lex
232 1689 427 1766 damnaliet
443 1693 554 1765 etiam
569 1691 608 1765 in
619 1690 826 1788 pecoribus.
846 1688 964 1778 ,Quid

113 1810 145 1880 go
165 1785 242 1862 est?
281 1789 321 1862 ln
343 1789 559 1864 animalibus
579 1812 699 1864 mores
720 1789 961 1887 depinguntur

113 1889 227 1973 mani,
260 1885 440 1973 beatius,
474 1889 512 1966 δι
531 1888 750 1971 voluntates.
809 1887 958 1978 Mundi,

113 1987 316 2073 ruminent,
343 1989 381 2062 id
405 1987 473 2071 est,
508 1991 546 2064 in
579 2009 641 2061 ore
665 1987 803 2082 semper
825 1988 961 2064 habent

113 2083 154 2158 1st
180 2085 300 2160 cibum
325 2103 502 2184 praecepta
524 2088 664 2162 divina:
698 2086 872 2183 ungulam
895 2086 962 2162 fin·
1102 2082 1117 2109 ”

113 2198 170 2270 nt,
206 2182 360 2259 filirmo
392 2187 507 2283 gradu
532 2187 768 2268 innocentiae.
798 2183 963 2282 justitiae,

113 2284 247 2379 misque
263 2286 406 2360 virtutis
420 2288 506 2361 vitae
522 2286 650 2362 itinera
663 2285 876 2377 conficiant;
901 2305 965 2359 eo·

113 2406 138 2456 n
154 2384 271 2470 enim,
305 2406 387 2480 quae
408 2385 559 2461 induas
581 2384 737 2481 ungulas
758 2383 887 2482 pedem
909 2383 964 2458 di·

113 2482 208 2570 lunt,
242 2483 405 2559 robustus
429 2482 566 2583 semper
588 2484 760 2569 incedes,
793 2484 881 2559 dum
905 2481 963 2558 lu·

113 2605 195 2655 cum
229 2584 340 2680 partis
370 2583 519 2660 alterius
551 2583 702 2680 ungulae
732 2581 960 2657 firmamento

113 2680 225 2766 citur,
262 2681 299 2756 dt
331 2684 370 2757 in
404 2683 539 2781 vestigii
559 2683 749 2758 ¹soliditate
773 2682 958 2756 retinetur.

113 2780 193 2876 :qni
207 2796 375 2858 neutrum
389 2783 541 2867 iaciunt.
559 2782 737 2859 immundi
753 2780 847 2867 sunt,
870 2801 971 2876 quoe

113 2903 135 2953 n
165 2903 232 2953 nec
260 2883 299 2956 in
324 2881 522 2967 virtutibus.
541 2881 667 2957 firmus
691 2879 862 2976 ingrellus
892 2878 962 2970 est,

113 3002 121 3051 :
158 2978 363 3056 divinorum
400 2991 663 3078 praeceptorum
695 2980 824 3056 teritur
858 2977 963 3059 cibus

113 3100 156 3150 re
178 3078 277 3152 illius
298 3081 560 3159 ruminationis.
610 3078 707 3156 Nam
728 3076 767 3155 de
786 3077 850 3175 qui
871 3077 963 3152 alte·

113 3203 136 3251 n
158 3175 316 3266 faciunt,
348 3202 416 3254 nec
437 3163 501 3276 ipfi
523 3178 671 3268 mundi,
705 3177 793 3253 dum
815 3176 897 3253 lunt
914 3199 962 3253 ex

113 3300 168 3350 ero
187 3276 344 3364 debiles,
379 3301 448 3352 nec
466 3281 505 3354 in
530 3291 682 3374 utroque
706 3274 862 3374 perfodi
911 3274 964 3353 Hi
1084 3292 1096 3357 'r

113 3399 174 3449 :em
195 3374 275 3451 lunt
293 3391 358 3452 aut
379 3390 572 3473 utrumque
584 3376 785 3464 facientes,
814 3385 857 3450 ut
873 3371 964 3450 fide·

116 3529 125 3558 ,
156 3476 219 3571 qui
236 3477 380 3552 mundi:
411 3491 475 3553 aut
489 3477 664 3564 alterum,
694 3488 737 3550 ut
753 3473 891 3574 Judaei,
923 3471 962 3549 δι

115 3574 233 3662 retici,
266 3576 327 3671 qui
351 3575 432 3650 sum
452 3575 649 3673 inquinati:
683 3585 961 3658 autumnum,

113 3673 267 3766 ethnici,
298 3675 360 3775 qui
383 3673 465 3753 sunt
488 3673 745 3849 clpnsequenter
768 3669 959 3859 immupppli.
1106 3716 1121 3739 e

558 3799 579 3868 5
922 3781 961 3844 ta
