2430 4366
143 126 820 317 bralml’aaegyr'lcaa'norigmttn·
883 174 968 321 3⁶7

107 406 159 477 18»
176 382 202 465 a'
215 382 344 465 multis
359 411 428 465 nos
443 384 532 467 vitae
548 384 867 487 mensoremque
885 384 969 463 lire·
1028 457 1032 465 ,

107 488 295 586 upeuims
309 489 515 575 abducens,
547 487 585 566 &
606 508 674 565 nos
695 487 791 587 ipsos
813 490 967 565 circum.
1019 529 1024 539 .
1126 536 1131 545 .

107 588 277 678 ciendos,
310 611 354 663 ac
378 610 463 665 vere
487 588 619 667 adres
643 589 780 666 nostras
803 590 966 685 agendas

107 686 246 763 ollens:
282 685 353 763 hoo
365 688 535 765 nimirum
551 686 638 780 esse,
667 684 757 786 Juste
771 710 896 784 agere,
926 686 966 763 δι

107 810 150 865 uo
180 808 305 865 veram
337 786 405 866 else
432 786 605 886 iustitiam
637 788 828 887 priscorum
852 790 965 863 etiam
1035 796 1043 807 '

107 886 357 985 ilosophomm
381 888 546 965 nonnulli
578 884 819 975 affirmarunt,
851 889 966 971 vitam

107 1000 236 1063 ‚vatam
250 986 299 1061 ad
313 988 576 1064 beatitudinem
589 986 628 1063 ἀ
644 987 706 1065 fibi
718 986 814 1084 ipss,
831 984 869 1062 δι
881 986 965 1063 aliis

107 1086 362 1174 moraliorem,
384 1100 493 1185 atque
508 1086 691 1164 utiliorem
703 1080 966 1163 eueaffunan·

107 1208 131 1281 ις
164 1184 339 1285 siquidem
357 1186 466 1284 hujus
482 1186 532 1261 est
545 1187 712 1276 virtutis,
743 1186 968 1285 promeritis

117 1286 223 1364 suum
246 1288 377 1382 cuique
402 1287 570 1365 tribuere.
622 1284 719 1375 Quid
744 1287 840 1361 enim
867 1283 968 1361 aliud

107 1384 190 1463 imae
205 1388 389 1483 proprium
404 1379 459 1471 fit,
479 1400 544 1463 aut
559 1388 647 1483 quid
661 1399 738 1462 tam
753 1404 968 1481 congruum,

107 1506 302 1583 mumque,
327 1506 437 1589 quam
456 1484 600 1584 seipsam
618 1506 764 1574 curare,
789 1509 863 1561 non
880 1482 968 1559 aliee

120 1582 356 1673 trastantenr,
389 1607 507 1682 neque
528 1585 728 1661 maximam
747 1584 811 1660 fibi
828 1583 890 1682 ipsi
910 1585 966 1658 in·

107 1688 186 1765 ‚lam
209 1684 425 1775 facientem,
460 1682 520 1760 sed
543 1685 639 1760 intro
660 1685 709 1760 ad
725 1682 802 1771 ‚sese
817 1706 967 1758 conver·

107 1784 209 1863 msua
231 1783 292 1859 sibi
309 1780 550 1862 reddentem?
585 1784 647 1860 Sic
669 1780 781 1881 igitur
796 1781 859 1857 ille
876 1781 967 1879 justo

107 1902 176 1961 :ere
191 1882 252 1959 vel
272 1883 416 1959 coellus
432 1906 500 1959 nos
517 1884 682 1959 docebat.
733 1879 970 1959 Pmdentiam

107 2006 144 2061 ro
161 1982 277 2062 nihilo
294 1981 420 2074 secius,
440 1982 559 2059 securn
576 1982 656 2069 esse,
675 1979 713 2058 δι
730 1979 858 2079 seipsos
872 1978 968 2057 nolle
1005 1980 1009 1989 “

107 2082 173 2173 lle,
207 2081 246 2158 ἀ
263 2082 398 2160 'conari
451 2084 535 2159 Hoc
556 2082 727 2159 nimirum
751 2078 972 2180 praeclarissi-

107 2206 160 2263 1m
174 2182 417 2282 Philosophiae
433 2202 586 2271 munile,
611 2180 649 2259 δι
664 2176 843 2267 officium,
869 2181 968 2275 quod

107 2280 337 2360 ellantiffimo
369 2283 577 2361 daemonum
601 2280 677 2359 vati
700 2295 742 2357 ut
764 2276 969 2377 sapientissi-

107 2405 159 2461 1m
189 2395 411 2480 praeceptum
444 2383 630 2459 tribuitur:
666 2374 774 2480 Nosce
797 2392 827 2454 tr
850 2373 968 2477 ipsam.

107 2506 143 2559 oc
157 2500 285 2559 revera
304 2501 437 2559 munus
457 2478 525 2557 else
544 2481 766 2579 prudentlae,
792 2501 875 2554 cum
891 2478 969 2553 ani·

107 2606 117 2659 ι
141 2580 216 2679 ipsa
241 2580 387 2680 seipsam
413 2582 536 2658 videre
559 2581 714 2675 satagit,
746 2576 785 2654 tlt
808 2572 969 2655 divinam

107 2694 242 2768 entem,
267 2680 294 2758 sr
312 2682 379 2759 tali
397 2679 645 2780 conjonttiooe
664 2679 774 2775 digna
792 2675 854 2764 sit,
878 2671 916 2751 in
933 2674 969 2750 se

107 2781 309 2880 ¹>raesentet‚
339 2781 377 2858 δι
399 2784 495 2858 viem
512 2779 708 2878 quamdam
726 2777 846 2855 verbis
864 2776 968 2851 inex·

109 2878 287 2969 cabiler'n,
312 2894 355 2957 ut
370 2882 418 2956 ad
434 2882 505 2957 hoc
522 2880 658 2955 divinae.
671 2889 811 2954 naturae
828 2875 970 2949 consor·

107 3006 154 3057 nn
177 2982 363 3079 pervenlre
388 2977 508 3078 possit,
540 2977 737 3074 investiget.
790 2972 872 3052 Pori
905 2997 970 3051 au·

107 3104 135 3156 n
152 3079 264 3155 modo
281 3078 318 3155 δι
335 3092 578 3177 temperanter
595 3079 737 3164 vivere,
763 3073 802 3153 lla
817 3074 974 3150 fortiter:
1064 3078 1070 3093 '

107 3192 305 3276 operanter
327 3181 493 3277 quidem,
527 3177 621 3253 hanc
647 3175 759 3274 ipsam
776 3174 913 3263 ,aulmae
935 3172 970 3248 le

107 3280 175 3355 Tam
197 3279 464 3372 cognoscentis,
497 3275 524 3354 s1
546 3274 690 3375 quando
712 3275 752 3349 id
773 3273 808 3351 ei
829 3273 971 3349 coutin-

107 3393 144 3465 t,
178 3380 405 3476 prudentiam
429 3376 691 3455 conservando:
719 3370 862 3449 sortiter
883 3394 969 3447 vero

115 3478 295 3578 praedillis
319 3478 486 3555 omnious
505 3473 716 3553 muneribus
737 3472 971 3573 persistendo,

110 3580 193 3654 cab
215 3578 289 3652 illis
312 3578 372 3654 vel
393 3574 537 3675 sponte,
562 3577 622 3651 vel
637 3576 674 3650 vi
690 3574 767 3653 olla
783 3568 972 3653 dellecleu·

107 3712 131 3767 ι,
160 3677 219 3853 seg
238 3678 381 3773 omnia,
407 3690 449 3756 ut
467 3675 562 3761 dille
581 3674 681 3781 suut,
705 3672 890 3767 mordicus
909 3669 974 3757 ob·

107 3800 189 3857 taau
216 3801 249 3853 o.
915 3792 971 3847 ιι.
