2466 4364
133 197 252 324 ¹164
482 211 532 301 S.
553 208 745 331 prridni·
775 224 782 243 ’
822 240 825 247 ·

111 434 114 439 ·
165 394 270 487 „nire
285 392 401 472 citius
421 397 597 496 exoptet?
627 398 812 476 Venturus
829 393 876 473 ad
892 394 1023 479 Christi
1047 400 1095 475 se·

161 496 274 588 „dem
300 495 349 571 ad
375 516 568 591 regnomm
595 495 774 573 coelestem
801 495 1017 574 claritatem·
1039 498 1108 575 lu·

163 614 275 689 „gere
292 617 366 669 non
383 594 509 684 debet,
541 595 579 672 dt
597 595 788 692 plangere,
822 594 881 671 sed
900 600 1026 694 potius
1043 598 1092 673 le·

19 730 22 735 ·
73 728 77 737 ·
112 714 115 719 ·
161 691 348 783 „cundum
365 694 663 791 pollicitationem
678 694 825 770 Domini
840 692 1037 771 secundum
1051 696 1094 771 fi,

161 791 273 883 „dem
305 792 469 871 ueritatis
500 796 539 869 in
575 793 792 889 profestione
824 793 894 867 hac
925 791 1016 883 sua,
1054 792 1091 873 dt

160 890 427 982 „translatione
459 892 625 988 gaudere.
676 892 739 967 Sic
770 891 924 988 denique
954 893 1090 971 inveni·

157 1010 268 1080 „mus
276 1008 293 1077 ,¹
327 988 519 1067 &Enoch
546 989 763 1067 translatum
791 990 884 1080 elle,
920 992 986 1088 qui
1012 992 1088 1067 Deo

157 1087 332 1186 „placuit
362 1086 445 1165 Gen.
457 1113 489 1185 5.
531 1089 613 1164 Hoc
626 1087 697 1164 fuit
712 1088 876 1185 placuille
892 1088 930 1165 iir
945 1090 1090 1189 conspo-

158 1186 245 1277 „ttu
271 1188 364 1278 Dei,
402 1188 449 1265 de
481 1188 553 1265 hoc
581 1190 749 1283 contagio
781 1186 901 1263 saeculi
928 1188 1089 1267 meruisse

157 1286 383 1377 „transferri
433 1285 523 1384 Ejus
542 1284 593 1380 est
616 1286 655 1361 in
674 1286 810 1361 mundo
832 1287 896 1361 diu
915 1287 1014 1363 vello
1037 1308 1088 1363 re·

156 1408 350 1475 „mmmm
372 1408 480 1482 quern
497 1385 655 1461 mundus
672 1384 837 1461 oblettat
879 1385 994 1461 Porro
1008 1408 1086 1467 suu
1118 1448 1120 1453 -

151 1484 340 1573 „mundus
356 1485 474 1561 oderit
489 1482 743 1570 Christianum,
767 1482 853 1580 quid
871 1506 978 1559 amns
989 1508 1085 1575 eum,

155 1582 247 1679 „qui
261 1594 299 1659 te
315 1583 413 1671 odit,
437 1583 476 1659 &
494 1607 569 1659 nnn
585 1582 704 1677 magis
723 1580 879 1680 sequeris
894 1582 1083 1677 curium,

153 1682 243 1780 „qui
261 1695 299 1758 te
318 1681 357 1761 dc
375 1681 549 1772 redemit,
573 1679 611 1757 dt
629 1681 757 1778 diligit
964 1754 968 1761 .
1113 1740 1119 1761 .

0 1900 64 1972 0⁴„
81 1902 125 1971 aa
232 1904 289 1956 11.
321 1876 459 1955 Decimo
489 1877 645 1974 denique
676 1874 880 1955 mortalitas
910 1842 1120 1973 patienter*-

1 2024 5 2042 ›
43 1995 121 2055 'um
153 1976 324 2068 ferenda,
361 1997 444 2073 quae
473 1997 542 2051 nos
575 1976 623 2051 nd
646 1988 782 2053 aeterna
806 1974 942 2072 gaudia
965 1974 1077 2067 doct,

15 2094 115 2171 ‘nom
153 2074 287 2153 scilicet
327 2088 476 2167 „mente
499 2076 662 2170 integra,
696 2074 768 2150 fide
793 2074 920 2163 firma,
954 2074 1079 2151 virtute

1 2182 3 2196 ’
27 2168 59 2222 2²·
152 2172 321 2265 „robusta
339 2174 455 2273 parati
474 2173 521 2248 ad
542 2196 687 2249 omnem
707 2174 777 2249 Dei
794 2171 1023 2249 voluntatem
1042 2170 1078 2249 li·
1103 2204 1120 2261 t

0 2260 103 2326 ‘3⁰⁰‘
149 2293 260 2364 „mus
267 2326 279 2363 ,
302 2295 435 2370 pavore
447 2273 575 2355 mortis
591 2271 735 2348 excluso
751 2272 1076 2363 immortalitatem,

148 2371 294 2468 „quaes
334 2372 451 2460 uitur,
475 2371 689 2465 cogitemus,
738 2371 821 2447 Hoc
837 2394 905 2446 nos
922 2368 1075 2449 ostenda·
1103 2418 1120 2455 e

146 2493 297 2562 „muse
322 2495 363 2559 e,
395 2470 493 2567 quod
514 2469 714 2558 credimus,
747 2482 791 2546 ut
814 2492 934 2568 neque
954 2470 1075 2547 charo·
1103 2514 1120 2563 Ε

145 2592 254 2660 „rum
273 2570 463 2667 lugeamus
484 2568 683 2657 excelsum,
707 2567 750 2644 dt
774 2591 858 2644 cum
881 2568 1074 2645 accersitio·
1101 2612 1120 2665 ι

144 2669 230 2762 „nis
245 2669 400 2768 propriae
413 2668 491 2743 dies
508 2667 667 2756 venerit,
692 2667 958 2754 immitentes,
984 2668 1073 2753 &li-
1098 2674 1120 2759 ἐ

145 2767 299 2861 „beuter
318 2768 365 2843 sd
387 2767 583 2867 Dominum
607 2764 681 2862 ipso
701 2779 854 2842 vocante
877 2768 1071 2847 veniamus.
1095 2784 1099 2793 '

144 2867 279 2958 „Quod
299 2890 383 2941 cum
403 2869 538 2962 semper
557 2865 764 2940 faciendum
788 2865 897 2940 fuerit
919 2865 991 2942 Dei
1012 2867 1070 2943 ser·

143 2965 249 3056 „vis,
281 2988 377 3040 nunc
397 2963 473 3039 fieri
491 2962 609 3038 multo
627 2966 744 3059 magis
764 2964 871 3041 debet
887 2976 1069 3041 corruente

98 3096 100 3101 ·
143 3060 242 3158 „jam
266 3062 424 3149 mundo,
459 3074 520 3151 ut,
554 3061 616 3159 qui
638 3064 818 3137 cernimus
841 3063 982 3160 caepilse
998 3062 1120 3170 ijs,

141 3161 312 3256 „gravia,
329 3161 514 3239 &scimus
526 3159 714 3236 imminere
727 3163 911 3257 graviora,
931 3161 1065 3253 lucrum
1092 3184 1120 3257 ξ,

139 3262 371 3350 ,maximum
395 3272 670 3357 computemus,
700 3258 725 3335 fi
751 3260 878 3336 isthinc
901 3260 1066 3353 velociter
1093 3286 1120 3351 3

135 3360 385 3448 „recedamus
439 3358 481 3434 Si
513 3359 551 3433 in
582 3357 790 3435 habitaculo
820 3372 885 3434 tuo
918 3362 1120 3457 parius:

63 3458 73 3473 '
133 3457 337 3544 „vetustate
356 3468 546 3544 nutarent,
572 3458 664 3531 testu
683 3457 833 3555 desuper
852 3470 1061 3551 tremerent,
1080 3444 1120 3563 ἐξ

130 3566 292 3646 „domus
306 3555 383 3653 jam
400 3556 572 3650 fatigata,
593 3554 670 3651 jam
688 3555 772 3643 lulla
791 3557 957 3633 aediliciis
973 3558 1061 3633 sens
1098 3590 1120 3645 ·÷,

129 3656 253 3745 „dtute
280 3654 485 3734 labentibus
511 3654 888 3757 ruinamproximam
913 3657 1065 3833 missurus·¹

543 3806 546 3811 ’
967 3807 992 3847 rr
1038 3802 1052 3853 t

1070 4005 1120 4328 l
