2430 4366
46 279 51 285 ·
147 235 232 350 306
492 224 715 320 Nouariam
732 252 742 301 ι
809 224 827 305 Γ

6 461 34 515 4
149 417 249 512 „est,
273 412 375 517 super
391 439 475 495 eum
491 418 611 509 venit,
636 415 675 494 dc
690 407 837 510 manib,
862 417 972 496 haute

149 516 316 614 „Christo
336 540 419 595 cum
435 528 515 596 tota
533 517 595 594 sua
610 517 872 610 redundantia,
897 532 941 596 ut
952 526 972 596 'e

149 615 641 717 „delibationemquamdam
652 618 849 719 gratiarum
861 631 972 696 caeter

90 746 94 759 ⁸
146 718 275 818 „sequi
290 715 427 818 pollint.
478 715 551 792 Hic
564 715 634 807 est,
659 717 721 815 qui
736 731 904 834 operatur
918 744 967 794 ex

147 818 368 911 „secundam
392 816 643 902 nativitatem,
677 817 739 913 qui
762 817 972 916 mterpellat

114 956 117 961 ·
146 942 242 1010 „nas
261 939 367 993 aures
388 937 451 1015 pro
470 916 575 991 nobis
595 915 790 1009 gemitibus
811 916 972 1015 ineloqur

32 1022 36 1029 ’
146 1017 272 1111 „Rom
290 1033 323 1104 8.
346 1043 378 1092 v.
398 1020 456 1093 ab.
491 1015 740 1090 advocationis
764 1014 919 1113 implens
946 1042 972 1091 ο

147 1117 395 1209 „inhabitator
412 1114 621 1213 corporibus
639 1113 765 1190 nostris
787 1115 916 1203 datus,
950 1115 972 1192 d

10 1304 23 1325 -.
146 1215 308 1310 „ttitatis
327 1211 493 1302 effettor,
527 1213 591 1309 qui
610 1213 657 1287 ad
678 1214 944 1303 aeternitatem,

146 1310 461 1409 „resurrectionem
482 1311 767 1389 immortalitatis
792 1336 945 1411 corpora
970 1344 972 1389 :

25 1487 29 1497 ,
144 1467 172 1509 ,,
197 1416 369 1503 roducat,
392 1413 480 1488 dum
494 1412 557 1486 illa
570 1412 607 1487 in
625 1411 659 1486 le
675 1413 887 1501 adsuefecit,
910 1437 972 1489 cur

145 1439 251 1607 „festi
274 1516 409 1589 virtute
433 1509 594 1601 misceri,
627 1509 675 1598 dcv
689 1536 773 1588 cum
797 1513 956 1609 Spiritus

142 1614 293 1708 „divina
309 1611 512 1689 aeternitate
528 1608 663 1687 sociari.
714 1613 787 1688 Hic
805 1611 963 1708 est,·qui

26 1721 33 1735 '
140 1712 325 1810 „plebiles
343 1709 560 1809 cupiditates
576 1722 740 1802 coercet,
762 1712 972 1787 immoderat

144 1811 314 1905 „bidines
338 1811 494 1906 frangit,
525 1809 721 1887 ebrietates
744 1809 879 1908 rejicit,
909 1835 972 1886 ava

143 1911 327 2008 „repellit
351 1908 461 1984 letias
476 1909 630 2006 repellit,
656 1911 821 2007 regulam
837 1911 972 1986 veritat

140 2008 290 2109 „pedit,
330 2007 523 2085 haereticos
555 2009 730 2100 revincit,
766 2010 817 2087 im
841 2010 952 2085 rohos

142 2107 332 2206 „exspuit,
352 2105 565 2203 'Evangelia
587 2107 757 2186 custodit‘
802 2032 845 2185 ir
868 2110 928 2185 hoc
952 2106 972 2185 d

138 2214 257 2301 „nimo
274 2230 415 2303 unquam
430 2206 512 2282 dicit
525 2206 698 2283 onnrhnno
713 2205 852 2381 giegum:
881 2235 913 2283 1.
930 2207 972 2283 Cc

13 2380 17 2391 ,
110 2356 112 2362 -
136 2334 198 2403 „u
211 2332 245 2403 3.
272 2324 382 2381 nemo
395 2309 543 2404 negavit
557 2306 737 2383 Christum
787 2309 821 2384 ei
833 2306 967 2382 Filium

138 2405 371 2502 „reprobavit
396 2403 608 2482 Creatorem
639 2406 778 2495 Deum,
811 2429 922 2481 nemo
953 2431 972 2482 c

139 2503 372 2602 ,scripturae
402 2506 479 2581 ulla
512 2505 574 2581 sua
597 2508 706 2582 verba
737 2506 940 2602 depromit,

94 2698 98 2705 .
140 2603 262 2699 „alia,'
284 2603 514 2704 &sacrilega
530 2605 676 2682 decreta
697 2604 898 2682 constituit:
925 2606 966 2680 in

140 2703 333 2801 „quisquis
350 2703 677 2804 blasphemaverit,
709 2706 915 2806 remifflonem
936 2730 972 2779 nc

138 2802 222 2894 ,det
232 2804 297 2879 nnn
311 2814 441 2879 uncum
455 2807 490 2880 iv
505 2802 708 2904 isiosuculo,
733 2829 842 2906 oerum
858 2805 957 2878 ctiam

135 2904 289 3003 ,fictura
323 2898 451 2979 Maera.
473 2929 529 2980 12.
555 2927 587 2979 v.
603 2929 662 2999 32.
724 2903 796 2978 Hic
828 2903 865 2977 in
895 2902 972 2998 Apo

134 2999 305 3095 „Christo
335 3001 580 3079 testimonium
612 3001 752 3088 reddit,
788 3001 825 3076 in
850 3000 972 3097 Marty

137 3096 390 3191 „constantem
408 3101 518 3176 fidem
537 3100 722 3198 religionis
742 3099 913 3188 ostendit,
939 3102 972 3174 in

136 3198 311 3294 „ginibus
351 3198 600 3275 admirabilem
634 3200 896 3275 continentiam
929 3197 972 3295 fig

138 3296 340 3390 „castitatis
356 3298 528 3386 includit,
561 3299 599 3372 in
618 3299 972 3394 caeteris-incorrupn

139 3394 293 3487 „ttrinae
308 3397 501 3473 dominicae
514 3392 595 3494 jura
611 3397 781 3492 costodit,
803 3395 972 3471 haeretico

139 3492 290 3584 „struit,
324 3495 506 3590 perversos
538 3498 705 3591 corrigit,
740 3494 906 3570 infideles
936 3519 972 3569 ar

140 3591 393 3691 „simulatores
411 3593 581 3681 ostendit,
614 3593 811 3670 Ecclesiam
827 3595 970 3669 incorru

136 3682 350 3867 „pomae
374 3692 613 3791 virginitatis,
647 3693 687 3772 dc
704 3694 867 3775 veritatis
891 3692 972 3769 land

64 3798 258 3883 ⁸·„c'uo
298 3801 325 3867 t.
417 3836 420 3841 -
739 3806 750 3823 ··
