2430 4366
192 198 453 317 Metcpbrofis
467 202 509 289 in
526 197 819 355 Ecclesiostm'.
845 134 949 321 ¹⁵331

114 385 198 464 bam
217 387 444 468 voluntatem
464 387 673 485 contingere
692 387 774 485 scio.
826 399 860 473 8.
882 387 952 475 Qui
962 400 1101 471 mame

114 487 208 585 iique
224 484 320 589 solus
341 486 516 577 reiistust'
535 511 603 564 neo
622 489 793 578 fratrem,
822 509 891 562 nec
908 483 950 563 fi·
961 485 1095 554 hamana

114 586 316 676 nhabens,
339 587 574 665 facultatibus
594 587 766 673 affluens,
789 572 1087 683 incapte-erodet·

127 687 326 785 cupiditate
341 689 464 774 ardet,
485 712 533 765 ne
552 688 800 765 beneficentiae
820 685 855 762 se
873 682 951 763 ullo
1002 668 1074 734 Η·

114 785 156 859 do
188 787 329 863 tradere
357 789 466 884 cupit.
518 788 650 864 Exeo
681 788 791 884 igitur
822 784 952 876 iubens
1058 832 1084 865 ,-

114 883 288 977 estverim,
325 910 434 984 quarn
466 886 512 962 ob
543 888 686 965 causam
708 886 892 962 laboribus
914 886 951 960 se

114 984 224 1062 ficiat.
275 987 308 1082 p'.
335 988 481 1076 Quanto
500 988 648 1065 tandem
667 987 738 1061 hoc
756 984 948 1074 meliores,
1001 1004 1074 1072 v·9·
1150 988 1158 999 ”

129 1086 217 1161 vitae
240 1084 447 1163 societatem
471 1087 651 1175 inierunt,
687 1110 735 1161 ex
758 1107 829 1184 qua
856 1087 950 1183 opti·

114 1183 278 1261 rimbtus
294 1187 485 1284 decerpere
500 1185 662 1285 queant?
715 1213 771 1263 ιο.
798 1185 950 1269 Duobus
993 1209 1022 1254 u.
1033 1208 1084 1258 ιο.

114 1307 142 1358 n
159 1287 246 1360 viris
262 1287 371 1361 rebus
387 1287 517 1363 iisdem
537 1287 630 1363 retie
645 1286 950 1374 incumbentibus,
1005 1285 1009 1298 “

114 1382 181 1460 msr
204 1384 308 1460 alteri
329 1387 525 1483 quidquam
545 1387 681 1462 adverfi
702 1386 862 1475 accidat,
894 1397 951 1459 ta·

113 1507 125 1556 ι
147 1484 245 1559 haud
266 1485 346 1561 leve
367 1485 557 1561 subsidium
579 1487 617 1561 in
640 1484 752 1560 sodali
777 1484 839 1559 suo
858 1480 950 1580 post·

113 1608 119 1656 ι
146 1584 273 1676 babet3
310 1585 514 1681 graviffima
539 1587 672 1663 autem*
686 1584 735 1659 est
760 1584 951 1658 calamitas

113 1681 182 1757 nini
198 1683 344 1759 adversa
359 1684 504 1761 fortuna
519 1685 658 1773 utenti,
681 1705 803 1759 carere
816 1684 950 1768 amico,

133 1780 303 1860 afflittum
337 1785 493 1871 excitet,
526 1809 571 1860 ac
598 1797 747 1861 recreet.
805 1781 858 1856 At
886 1780 949 1877 qui

113 1882 267 1959 tubernii
284 1883 535 1959 neceffitudine
553 1882 665 1981 juniii
680 1883 781 1972 sunt,
810 1881 848 1957 δι
865 1902 950 1979 pro·

113 1981 131 2055 i
156 1980 327 2059 succeffus
347 1984 573 2082 voluptatem
594 1983 658 2060 fibi
681 1983 838 2059 invicem
862 2003 951 2067 cop·
1002 2052 1005 2057 .

113 2076 245 2168 licant,
263 2082 301 2158 bc
316 2105 436 2160 rerum
450 2097 581 2183 praeter
594 2078 950 2183 voluntatemssuen·
1036 2134 1040 2143 -

113 2182 400 2280 ntempestatem
422 2184 579 2259 leniunt:
638 2208 694 2258 11.
728 2182 828 2258 adeo'
846 2193 887 2256 ut
911 2179 949 2256 δι
993 2205 1024 2251 u.
1036 2204 1087 2252 11.
1130 2209 1133 2213 ·

128 2297 256 2357 mutua
280 2283 447 2360 libertate
481 2281 744 2381 splendescant,
781 2281 820 2358 δι
844 2278 952 2355 nostu

113 2380 227 2456 estate
243 2384 416 2479 fulgeant.
459 2410 515 2459 12.
541 2383 679 2460 Contra
695 2382 757 2479 qui
774 2382 888 2457 vitam
904 2379 950 2454 ab
995 2399 1026 2443 v·
1036 2397 1086 2448 12·

113 2481 144 2554 ni
178 2482 366 2558 hominum
403 2483 573 2558 societate
613 2483 788 2564 semotam
827 2479 949 2567 ducit,

112 2582 259 2656 rendam
280 2583 393 2658 vitam
413 2583 592 2671 traducit,
625 2606 699 2656 non
719 2579 949 2675 intelligens,

112 2704 128 2753 ι
145 2692 301 2771 temere,
322 2682 360 2759 bc
376 2682 571 2781 periculose
585 2679 648 2758 fibi
664 2681 862 2765 consulere,
887 2679 950 2775 qui
1055 2729 1061 2741 ·

112 2793 179 2854 tos
194 2782 361 2857 homines
375 2795 503 2858 mutuo
519 2779 681 2881 praesrdio
695 2777 951 2875 circumseptos

113 2896 192 2955 rtus
214 2880 344 2970 fuerit,
380 2906 425 2957 ac
456 2894 633 2980 praeterea
661 2880 788 2957 funem
818 2876 952 2975 triplici

115 3004 140 3054 u
161 2994 373 3059 contextum
393 2983 491 3058 haud
516 3004 626 3078 quam
649 2980 757 3057 facile
779 2977 953 3077 perfringi

112 3101 165 3156 re.
228 3107 284 3177 13.
325 3084 404 3178 Ego
437 3105 523 3157 vero
550 3081 723 3179 juvenem
755 3099 951 3178 pauperem
1000 3104 1121 3175 o.13.·

112 3179 151 3253 io
174 3183 363 3276 prudentia
390 3192 558 3257 ornatum
582 3191 763 3276 antepono
783 3177 857 3254 seni
874 3177 951 3272 regi

112 3280 188 3369 ido,
213 3282 325 3357 cui‘in
340 3296 501 3357 mentem
518 3304 591 3355 non
607 3280 726 3367 venit,
750 3275 951 3375 fleripoffe,

129 3391 171 3454 ut
196 3381 373 3478 quispiam
398 3406 445 3456 ex
467 3402 611 3458 carcere
632 3380 680 3455 ad
698 3380 800 3474 regni
819 3378 949 3472 guber·
998 3420 1028 3466 η,
1039 3420 1091 3486 14,

112 3479 171 3553 ula
188 3481 441 3570 constituatur,
465 3481 676 3580 ipseautem
692 3478 811 3576 postea
825 3477 950 3571 iniquo
1077 3508 1082 3514 ·
1127 3568 1130 3573 ,

112 3580 244 3676 rcipatu
272 3579 361 3677 juste
394 3583 626 3673 exturbetur3
690 3602 746 3675 15.
784 3599 951 3652 nonnun·
999 3600 1091 3670 aas.

112 3703 154 3758 m
177 3680 276 3759 enim
297 3681 439 3773 evenit,
470 3694 534 3775 ut,
569 3681 632 3782 qui
650 3678 776 3781 juveni
804 3675 951 3778 quidem

864 3799 951 3869 „ce-
