2430 4366
12 40 28 303 l
200 122 205 129 ’
341 120 657 325 ''isuaia-'-
725 260 801 309 -.
920 165 1089 316 *as
1193 210 1197 241 ·

10 350 28 523 i
62 368 1007 562 ’turinimitarentur}

11 620 19 685 ·'.
62 508 190 675 'ffiein’
209 582 386 681 poculum
405 508 553 657 Doluini
561 580 649 755 eure
666 586 1006 661 communicationis
1134 552 1137 559 Ι

65 677 350 774 ,admittimusi
387 681 464 756 Iino
489 682 558 779 Epi
573 699 724 781 copatus
750 683 857 760 nostri
888 686 1006 759 honor

61 782 238 877 „grandis
246 822 267 869 ,·
286 780 324 857 dt
345 780 547 877 gloriaest,
572 805 699 880 pacem
715 783 847 858 dedisse
863 785 1002 881 Marty·
1167 852 1170 861 ,

56 882 208 977 „ribus‚
232 892 279 957 ut
296 882 533 967 Sacerdotes,
550 882 619 978 qui
640 881 811 958 sacrificia
828 882 898 957 Dei
916 906 1003 979 quo·
1020 894 1146 985 Surpi-

55 979 174 1070 „tidie
201 980 453 1068 celebramus,
486 980 620 1056 hostias
644 981 746 1065 Deo,
778 983 818 1058 dc
840 980 1003 1061 vidimas
1021 984 1099 1045 cium
1110 979 1187 1081 Mis·

56 1080 120 1171 „in
144 1080 378 1177 Martyribus
403 1080 658 1176 praeparemus.
709 1066 1056 1189 Necquisquamsffl,
1072 1078 1168 1151 quon-

63 1180 208 1271 „dicate
240 1180 305 1275 qui
321 1180 553 1283 martyrium
584 1179 703 1268 tollit,
738 1181 907 1276 languine
939 1181 1002 1256 suo
1021 1149 1157 1216 mm·

62 1280 315 1375 „baptizatum
347 1302 415 1353 nec
430 1301 504 1375 pax
522 1278 576 1354 illi
595 1280 642 1354 ab
659 1278 835 1377 Episcopo
850 1281 1004 1365 necessa·

61 1379 139 1468 „ria
154 1376 210 1451 est
230 1376 402 1452 habituro
422 1377 552 1474 gloriae
569 1377 642 1454 suae
658 1402 805 1475 pacem;
830 1403 915 1453 nam
933 1379 1004 1475 pri·

65 1500 151 1567 „mo
173 1476 333 1552 idoneus
359 1475 425 1551 else
453 1501 528 1551 non
551 1477 665 1574 potest
693 1479 740 1553 ad
764 1480 1005 1576 Martyrium,

63 1576 146 1673 „qui
162 1576 212 1650 ab
230 1573 390 1649 Ecclesia
409 1599 483 1649 non
504 1592 668 1653 armatur
685 1579 732 1652 ad
754 1578 939 1674 praelium,
962 1576 1002 1654 dc

65 1696 192 1767 „mens
213 1673 357 1763 delicit,
393 1697 503 1772 quam
523 1701 596 1752 non
618 1690 763 1776 recepta
780 1676 1002 1753 Eucharillia

67 1772 215 1873 „origin
237 1772 279 1850 &
295 1774 471 1850 accendit.
595 1874 598 1878 ι

54 2020 57 2025 ,
346 1944 605 2021 'Epissonn
639 1940 716 2022 LV.

10 2144 18 2149 .
133 2074 168 2153 S.
178 2073 390 2175 Cyprianus
406 2079 443 2152 in
460 2078 530 2152 hac
545 2075 703 2173 Epistola
719 2088 846 2153 monet
860 2076 898 2154 S.
910 2076 1000 2153 Cor·
1016 2072 1152 2194 pm,
1181 2148 1186 2175 ,

71 2174 218 2263 aelium,
257 2189 299 2251 ut
312 2175 532 2264 Felicissimi,
547 2177 597 2252 ‘dc
615 2175 805 2253 Fortunati
823 2190 949 2253 contra
964 2178 1002 2252 se
1015 2194 1184 2265 ondam.

12 2364 16 2369 Ι
66 2274 266 2351 calumnias
289 2300 363 2349 non
382 2279 525 2363 audiat,
557 2300 625 2350 nec
648 2277 758 2350 minis
782 2299 908 2352 eorum
930 2291 1003 2352 ter·
1042 2301 1076 2366 p.
1086 2280 1159 2365 1153

17 2444 21 2449 .
67 2386 201 2464 reatiir,
237 2373 301 2448 sed
321 2376 407 2450 sorti
427 2375 469 2449 sit
489 2376 634 2457 animo,
670 2375 771 2450 sicuti
789 2376 857 2451 Dei
877 2379 1004 2452 Sacer·
1144 2444 1147 2449 .

10 2494 29 2563 εξ
67 2473 185 2549 dotem
209 2488 342 2548 contra
364 2474 556 2551 haereticos
583 2473 650 2547 esse
677 2488 841 2571 oportet,
877 2491 1005 2573 utpote

10 2606 32 2659 ·.;
68 2574 121 2669 qui
144 2595 254 2648 more
277 2574 459 2649 haereticis
483 2573 614 2649 usitato
639 2573 790 2648 haeresin
816 2575 935 2663 suam,
966 2574 1027 2659 dt,

10 2666 36 2761 -ξ
68 2672 259 2748 schismata
275 2696 322 2746 ex
339 2687 549 2771 contemptu
565 2673 672 2747 unius
689 2679 726 2746 in
745 2673 902 2748 Ecclesia
921 2676 1007 2772 Epi·

9 2782 39 2857 ri,
71 2772 152 2869 scopi
170 2773 395 2869 inceperint:
433 2797 576 2869 „neque
600 2773 698 2847 enim
718 2772 865 2848 aliunde
888 2774 1005 2849 haere·

11 2907 43 2954 ῃ,
76 2868 140 2959 ,ses
167 2872 316 2947 obortae
342 2871 445 2958 sunt,
479 2886 544 2947 aut
571 2886 657 2946 nata
684 2869 764 2945 sunt
790 2871 1005 2961 schismata,

22 2980 47 3063 :l
72 2991 196 3067 „quam
221 2970 328 3058 inde,
361 2970 458 3068 quod
474 2972 662 3047 Sacerdoti
680 2971 749 3044 Dei
769 2995 844 3044 non
865 2973 1007 3047 obtem·

10 3074 49 3159 Ji
70 3084 256 3167 ‚,peratur‚
283 3093 351 3144 nec
370 3092 463 3145 unus
480 3073 517 3145 in
536 3070 695 3144 Ecclesia
711 3069 762 3143 ad
776 3084 921 3167 tempus
938 3071 1006 3147 Sa·

10 3170 46 3250 :eil
69 3171 240 3259 „cerdos,
275 3167 315 3245 dt
339 3168 386 3243 ad
404 3183 549 3266 tempus
572 3170 689 3268 Judex
705 3169 927 3243 viceChristi
943 3193 1007 3243 co·

15 3260 48 3355 cii
68 3268 248 3365 ›igitatur3
288 3267 347 3343 cui
376 3267 401 3342 si
429 3266 624 3344 secundum
652 3267 853 3362 magisteria
881 3268 1003 3343 divina

10 3394 35 3444 :a
68 3369 361 3465 „obtemperaret
379 3366 589 3463 fraternitas
608 3366 791 3453 universa,
818 3390 925 3441 nemo
943 3365 1007 3441 fibi

10 3492 31 3557 ni
70 3468 259 3565 ,‚placens,
287 3490 330 3547 ac
346 3478 492 3543 tumens
510 3467 650 3541 seorsim
668 3465 756 3540 soris
778 3489 912 3541 novam
928 3465 1007 3542 hae·

10 3562 30 3659 ἐξ
63 3567 174 3655 „rehu
192 3566 383 3643 conderet
434 3565 514 3641 Nec
534 3565 764 3662 praepositum‘
783 3563 921 3640 servum
943 3565 1008 3638 de·

10 3684 22 3799 p
60 3664 151 3759 „seri
181 3689 209 3743 a
244 3665 462 3764 quibusdam
491 3666 643 3840 migetur
669 3664 822 3762 aliquis,
861 3662 1006 3835 quaFdo

10 3806 13 3813 ·
595 3790 617 3845 2
866 3786 927 3860 „ip
943 3784 1007 3839 um
