2430 4366
441 64 445 70 -
588 42 595 101 r

212 110 715 279 biber-odDemet'rianum.
838 216 926 307 143

103 402 132 457 e
153 366 256 449 ve'stra
271 377 528 475 propitiantes,
551 400 595 451 ae
608 370 926 474 placantesDeum
991 440 994 445 .
1074 390 1101 451 ·<.

103 498 169 562 rs,
188 497 230 549 ac
244 478 409 555 notiibuo
425 476 594 553 instanter
610 498 794 575 rogamus.
863 518 866 523 ·
983 512 990 523 ·

110 668 323 769 „Respicite
343 673 486 769 itaque,
525 675 613 749 dum
630 672 857 773 tempus-est
875 674 921 751 ad
939 679 1093 771 menso

103 798 161 857 n,
190 768 228 847 dt
252 786 427 847 aeternam
451 768 628 863 sulutem,
644 774 701 851 ··&
731 776 817 871 quit
845 774 920 872 jam
936 766 1114 863 0⁶²me

103 870 146 953 ii
164 866 244 945 iinia
263 874 301 947 in
321 874 488 969 proximo
510 873 578 963 est,
610 875 660 949 ad
678 874 797 951 Deum
820 848 1088 951 mendam·

103 966 229 1053 vestrm
252 972 478 1047 Dei'timore
507 974 729 1063 convertite,
761 992 830 1049 nec
855 998 923 1052 voa
953 949 1067 1021 9⁸²⁸&
1146 1036 1150 1047 .

103 1076 170 1153 2tet
187 1072 223 1145 in
238 1068 483 1149 iaecuioioter
493 1071 632 1170 -justor,
665 1072 705 1150 dt
725 1070 836 1149 mites
853 1074 922 1149 im

103 1186 153 1249 os
168 1168 244 1257 istu,
278 1168 322 1247 do
342 1188 437 1247 vana
457 1172 679 1261 dominatio,
702 1164 857 1269 ‘quando
882 1172 922 1249 dt

103 1268 262 1369 grointer
276 1270 457 1359 unitam&
470 1271 609 1347 fertiles
623 1272 762 1368 segetes
776 1273 921 1363 lolium,

103 1392 184 1447 uena
198 1370 413 1445 dominetur.
466 1370 545 1445 Nec
562 1372 694 1447 dicatis
712 1372 809 1468 mala
826 1372 921 1447 acci·

103 1472 234 1643 mnia
251 1470 305 1643 dd
325 1468 429 1583 vestri
455 1470 607 1643 aDnobff
634 1470 922 1660 nonscolrntuurt:

103 1620 105 1627 .
188 1590 226 1653 a,
300 1588 450 1644 notram
502 1592 841 1657 ereecenuram,

110 1662 273 1741 beneficiis
290 1692 364 1743 non
380 1668 613 1764 intelligitur,
646 1670 706 1745 vel
727 1669 844 1767 plagis
865 1671 922 1745 im

103 1758 207 1855 iratur.
257 1766 379 1843 Deum
402 1766 557 1841 velsero
578 1770 803 1863 cognoscite,
834 1770 920 1865 quia

103 1860 170 1939 iius
197 1864 392 1941 adveniens
424 1868 495 1941 hoo·
527 1866 703 1969 admonet
730 1865 841 1969 tJnora
860 1893 918 1969 17‘·

103 1960 151 2037 ite
174 1964 247 2052 iiii,
273 1966 432 2063 quinae
449 1967 572 2041 omnia
589 1966 713 2043 futura
730 1966 920 2065 praedixit:

103 2064 136 2137 ite
165 2064 241 2149 ilii,
254 2065 338 2161 ”qui
363 2065 595 2141 credentibus
618 2068 811 2164 proemium
832 2068 920 2143 vitae

103 2182 156 2239 ute
187 2162 304 2239 dabit:
340 2165 477 2239 credite
509 2164 589 2250 illi,
625 2166 689 2260 qui
716 2166 920 2241 'incredulis

103 2282 144 2337 uu
160 2259 328 2361 supplicia
341 2265 518 2361 gebennae
529 2264 726 2338 ardoribus.
733 2265 919 2361 irrogabit.

103 2374 208 2439 etune
227 2366 297 2438 erit
317 2362 402 2437 fidei
423 2365 563 2459 gloria,
591 2384 675 2461 quae
690 2386 797 2461 poena
813 2364 920 2461 perfi-

105 2514 115 2548 ,
140 2480 217 2535 cum
233 2462 362 2559 judicii
381 2462 460 2536 dies
477 2461 643 2538 venerit?
679 2460 772 2551 Qoae
788 2463 918 2540 laetitia
956 2506 963 2513 ·
982 2512 985 2517 -
1007 2484 1013 2497 ²
1050 2474 1073 2491 ·’

103 2560 254 2650 ientium,
286 2584 370 2657 quae
391 2561 558 2636 moestitia
579 2562 820 2658 perfidorum,
851 2586 919 2637 no·

103 2659 126 2733 ie
136 2654 223 2734 isthic
238 2663 338 2757 prius
354 2662 518 2747 credere,
543 2661 581 2735 dr
596 2674 638 2737 ut
651 2661 819 2750 credant,
840 2659 918 2757 jam
1002 2691 1006 2699 ·

103 2760 141 2831 ire
153 2780 213 2832 non
233 2758 357 2856 poiie‘?
393 2758 580 2835 Cremabit
603 2760 766 2835 addittos
785 2761 920 2835 ardena

103 2874 157 2951 uper
169 2860 349 2953 gebenna,
371 2858 408 2934 ὅ(
425 2857 612 2933 vivacibus
629 2858 787 2935 flammis
803 2881 919 2935 vorax

103 2974 148 3041 m,
170 2980 233 3031 nec
254 2960 344 3046 en't,
377 2958 474 3032 unde
496 2971 679 3034 tormenta
704 2960 837 3035 habere
858 2959 919 3035 vel

103 3052 173 3146 piem
193 3057 319 3153 poffint
336 3058 552 3153 aliquando,
582 3058 641 3132 vel
659 3057 781 3133 finem.
833 3058 919 3133 Ser·

103 3168 189 3228 runnu
202 3180 287 3232 cum
303 3159 512 3253 corporibus
532 3155 603 3231 suis
616 3158 750 3231 animae·
764 3157 918 3232 infinitio

103 3250 226 3329 datibus
259 3257 307 3330 ad
338 3255 513 3330 dolorem.
563 3255 789 3352 Spetiabitur
815 3256 916 3331 illico

103 3350 285 3450 issemper,
314 3356 378 3451 qui
400 3356 458 3429 hic
479 3375 546 3428 nos
566 3354 734 3451 spettavit
754 3356 801 3429 ad
823 3369 917 3431 tem·

103 3504 112 3537 ,
139 3451 173 3526 dt
202 3455 239 3527 in
265 3453 569 3551 persecutionibus
592 3453 697 3529 fastis
727 3453 919 3529 oculorum

103 3551 206 3627 Pelium
248 3554 366 3628 brevis
403 3552 538 3627 fruetus
576 3566 747 3649 perpetua
784 3550 918 3626 visione

103 3652 217 3727 abitur.
259 3650 340 3728 Erit
355 3667 443 3728 tunc
459 3651 531 3727 sure
552 3650 668 3731 trouu
688 3651 915 3824 poeoitengiae

819 3802 845 3841 rr
872 3772 913 3841 0.·
