2430 4366
122 182 417 316 ¹Meruplp'rufis
430 124 739 314 in'Ecclefiollea.
827 146 943 313 3133Ι
1061 288 1066 302 ‚

129 385 209 462 Deo
228 383 435 461 labefactari
442 406 459 476 ;¹
504 387 537 460 b.
571 385 732 461 atenim
754 382 911 483 plerum·
967 403 1040 475 „a

114 486 269 562 nsomnia
287 507 402 571 vana,
436 485 488 559 ita
512 487 623 560 etiam
641 484 811 582 pleraque
830 502 911 558 ver·

114 587 205 660 imon
226 597 348 660 autem
370 583 439 659 Dei
459 582 667 660 hominibus
691 583 836 679 quidem
857 577 912 655 sa·
980 612 984 619 ·

115 688 155 772 s',
188 692 348 759 ceterum
379 702 493 759 rarus.
544 709 579 782 7,
615 683 789 771 Quocirca
820 676 912 757 nihil
968 685 1038 769 Μ’.

114 805 165 858 :ur
180 782 341 869 mireris,
361 780 387 857 ss
403 780 441 857 dt
460 804 634 881 pauperes
653 781 833 858 calumnia
848 802 912 878 op·
938 855 942 868 ,
1099 794 1101 801 ’
1136 784 1143 793 ’

122 936 133 971 ,
164 880 202 958 &
222 880 362 978 judices
382 881 521 976 legibus
544 879 774 978 imposturam
792 881 912 957 facere
1038 960 1041 967 ,

114 984 151 1056 is.
191 996 225 1066 8.
253 979 466 1057 Cavendum
482 1003 587 1079 porro
603 980 672 1069 est,
697 982 822 1067 neiis,
848 978 911 1077 qui
969 999 1038 1075 ua.
1151 992 1153 997 ’

114 1081 195 1156 entia
216 1079 403 1176 praestant,
435 1081 591 1179 majores
611 1079 679 1157 elle
702 1081 889 1156 videamur
896 1101 909 1172 ς
1010 1076 1025 1103 ”

113 1181 176 1255 etsr
193 1178 264 1255 hoc
283 1178 474 1269 acciderit,
508 1197 632 1256 tamen
656 1203 704 1255 ex
722 1176 912 1254 horrendis

113 1283 241 1368 itibus,
273 1282 312 1356 in
327 1301 418 1373 quos
432 1280 653 1367 incidemus,
683 1299 912 1376 nequaquam

113 1377 301 1478 nprobitas
318 1378 496 1455 liberabit.
536 1405 570 1472 q.
597 1376 914 1469 Quemadmodum
969 1408 1040 1483 ηρ.

113 1477 338 1554 nlacultates
352 1490 456 1575 raptu
470 1476 629 1555 colletlae
643 1474 914 1553 sceleratissimae
985 1488 988 1495 '
1129 1496 1135 1503 ·

140 1577 186 1653 fic
208 1576 346 1653 homini
368 1578 599 1675 pecuniarum
627 1577 824 1674 cupiditate
848 1573 914 1649 lla·

112 1674 125 1750 i
159 1698 344 1774 nunquam
370 1675 549 1765 satietas,
568 1700 635 1752 nec
666 1678 915 1775 proximorum

113 1775 258 1851 rolentia
274 1777 479 1874 proveniet,
503 1774 702 1874 quamlibet
715 1775 915 1851 maximam

113 1879 241 1970 trgenti
262 1876 470 1973 quaefieriu
487 1875 558 1950 hoc
577 1876 674 1952 enim
692 1887 826 1952 vanum
843 1870 912 1947 est:

113 1977 230 2050 obitas
253 1975 450 2051 familiares
473 1973 554 2050 suos
578 1972 753 2072 majorem
776 1974 814 2050 in
834 1996 915 2048 mo·

118 2071 291 2161 oblet‘tat,
316 2072 501 2188 fortesque
522 2071 643 2150 efficit.
700 2100 756 2149 10.
782 2068 916 2148 Sed&
948 2087 979 2134 v·
991 2071 1053 2135 108
1146 2112 1150 2119 ·

113 2172 216 2249 tmodi
248 2173 345 2250 curis
368 2174 516 2250 mimme
545 2171 714 2250 inhaefiffe
739 2194 913 2268 magnum
1111 2254 1115 2275 Ι

113 2273 224 2348 ndum
250 2270 298 2347 est
305 2295 316 2366 3
372 2299 427 2350 11.
455 2272 648 2349 Enimvero
673 2291 807 2370 pauper
827 2269 913 2345 licet
959 2293 1052 2349 uxr.

113 2375 186 2448 tute
202 2383 397 2468 prematur,
418 2383 649 2470 ventremque
664 2371 765 2447 suum
779 2391 914 2467 nequa·
946 2432 953 2446 ,

113 2499 119 2547 ι
134 2472 269 2566 largius
287 2471 511 2569 impleverit,
536 2486 657 2547 tamen
675 2470 773 2546 suavi
791 2468 914 2544 somno

113 2593 156 2662 1r3
182 2594 292 2668 opum
307 2585 429 2646 autem
444 2571 621 2668 cupiditas
637 2572 790 2646 comites
805 2566 916 2646 habet

114 2691 173 2757 as,
198 2669 386 2746 &animae
406 2669 559 2746 labores.
614 2697 671 2747 12.
697 2669 793 2758 Quid
808 2688 916 2766 porro
961 2701 1060 2754 om,

113 2770 197 2844 dius
214 2768 281 2843 elie
301 2783 431 2865 queat,
460 2792 569 2865 quam
589 2793 673 2846 cum
692 2791 826 2864 magno
847 2765 917 2842 stu·

112 2868 296 2944 econditas
313 2891 400 2966 opes
420 2868 649 2956 conservare,
672 2892 717 2944 ac
732 2869 919 2943 sexcento-

122 2967 302 3043 malorum
331 2966 532 3043 occasiones
558 2968 620 3044 srbi
646 2967 708 3066 ipfi
731 2964 918 3043 custodire.

112 3065 166 3140 llc
192 3067 337 3142 divitias
363 3067 508 3162 quidem
533 3068 620 3160 illas,
646 3068 760 3165 perire
784 3062 920 3143 necere
967 3097 996 3144 v.
1008 3093 1057 3159 13·

119 3164 190 3242 five
214 3166 319 3243 liberi
343 3167 451 3242 alicui
476 3165 569 3255 fint,
601 3165 673 3244 five
697 3164 788 3243 nulli
796 3186 808 3259 3
863 3189 918 3263 14.
936 3163 1072 3235 Divitia,

112 3290 128 3339 a
142 3278 264 3339 autem
280 3264 338 3342 vel
355 3268 509 3342 invitum
526 3264 637 3340 talem
656 3267 844 3343 interram
859 3286 919 3339 ca·
936 3269 1006 3346 rum
1020 3264 1079 3311 '¹⁰’

124 3376 286 3461 oportet,
320 3363 437 3461 qualis
458 3379 554 3454 erat,
586 3389 670 3441 cum
690 3364 728 3441 in
748 3364 842 3441 banc
864 3361 920 3437 lu·
936 3342 1028 3396 naras.
1086 3380 1089 3385 ·

113 3464 256 3561 prodiit.
308 3486 363 3558 15.
392 3463 447 3539 Ita
464 3466 588 3543 vacuis
604 3464 772 3540 manibus
788 3458 920 3549 absces-
1051 3461 1060 3563 j

112 3577 320 3660 :peccatum
336 3562 438 3637 suum
453 3564 621 3658 augebit,
647 3562 794 3660 perinde
812 3586 832 3636 a
875 3584 921 3634 ue
1061 3564 1063 3569 '

112 3684 199 3755 uu,
231 3661 435 3755 nativitatis
456 3662 606 3767 srmilem
623 3665 709 3742 vitae
723 3661 835 3745 finem
855 3660 922 3774 nbi

814 3779 921 3868 nm·
