2430 4366
160 114 163 129 ξ
241 202 330 303 382
450 184 494 276 S.
510 178 683 304 Dionyssi
698 184 976 277 Aiexorrdrirrit
1008 110 1028 312 ¹»

147 348 151 357 ,
1160 320 1172 363 i

241 370 562 471 „effemutatami
593 374 683 462 Quis
698 373 809 450 statos
823 370 910 451 iilos
924 380 1055 451 motos
1070 376 1171 455 erm
1202 452 1206 469 ,

64 484 81 521 “
247 471 449 563 „constanti
467 474 624 570 quodam
641 475 781 571 impetu
794 462 997 571 proticisci?
1023 474 1173 561 Quom·

98 650 104 663 ,
245 572 322 663 „do
338 594 422 650 eum
442 597 514 650 una
532 575 695 648 omnium
715 572 860 650 essentia
878 572 942 661 fit,
967 573 1174 673 incormpti·

244 670 427 770 „bilisque
449 685 577 749 natura
601 672 676 747 solo
700 674 1017 769 magnitudinum,
1052 672 1175 771 figura.
1205 750 1211 765 ,

243 792 427 869 ,moue
457 772 682 862 discrimine,
722 794 912 870 corpomm
943 787 1075 848 tamen
1104 768 1175 853 aba

33 862 38 883 '
159 886 162 891 '
243 874 462 971 „quaedam,
483 885 526 948 ut
540 871 603 970 ipsi
619 885 771 960 vocant,
795 873 918 948 divina
933 871 1016 948 sunt
1030 871 1176 971 superio·
1204 954 1207 961 ,

241 995 330 1066 „ra,
364 971 653 1070 &sempiterna,
685 971 745 1046 vel
768 973 839 1049 aevi
863 969 1033 1060 saltems
1049 986 1094 1049 ut
1110 998 1176 1055 non

26 1112 30 1121 ,
123 1142 127 1149 ,
241 1069 380 1165 ,memo
400 1070 499 1168 loqui
520 1071 670 1159 maluit,
695 1071 889 1167 longioris,
915 1094 1035 1170 caque
1054 1074 1178 1171 parum
1205 1160 1208 1171 ¹

241 1172 349 1264 „aisn
369 1172 632 1271 percipiuntur,
668 1184 711 1246 ut
734 1170 824 1267 sol,-
843 1171 951 1260 lum,
985 1186 1090 1247 terra
1113 1170 1178 1251 &c

241 1273 401 1371 „partim
418 1269 554 1347 sensum
571 1269 733 1366 fugiunt,
755 1283 799 1346 ut
816 1271 885 1359 dii,
909 1270 1124 1363 daemones,
1144 1272 1179 1351 dt
1208 1280 1211 1289 '

241 1373 405 1465 „animi3
447 1370 531 1446 aliae
561 1369 742 1446 diutumae
773 1371 970 1448 admodum
995 1371 1093 1448 vitae
1115 1370 1180 1451 fise

241 1471 530 1564 ,animantium
559 1472 615 1545 uti
633 1469 784 1566 aquilae,
816 1471 938 1558 corvi,
972 1470 1182 1568 phoenicea,

242 1571 388 1669 „cervi,
405 1569 637 1666 elephantes,
655 1568 849 1657 dracones,
866 1583 962 1647 cete:
987 1569 1066 1645 srve
1081 1570 1195 1668 plana·

241 1685 412 1765 „tarum
442 1666 498 1746 uti
517 1668 671 1765 palmae,
695 1690 870 1766 quercus,
897 1692 1055 1768 quarum
1074 1670 1183 1749 etiam

242 1767 458 1862 „nonnuliae
499 1781 711 1866 perpetuam
742 1770 900 1845 retinent
932 1768 1182 1861 viriditatem,

242 1868 474 1964 „cujusmodi
497 1867 813 1967 quatuordecima
837 1867 1010 1966 quopiam
1033 1892 1182 1947 numa·

242 1968 406 2060 „ranrun
458 1966 559 2045 Aliae
583 1978 682 2041 certo
706 1966 837 2042 florent
860 1982 1050 2065 tempore,
1078 1979 1181 2047 oeno

242 2090 415 2165 „quoque
438 2064 631 2145 frondibus
654 2079 848 2143 exuuntur.
899 2065 987 2144 Alia
1013 2068 1197 2165 deniqne,¹¹

241 2190 312 2259 „nc
328 2166 447 2243 multo
469 2167 551 2243 iane
568 2164 726 2265 piurima
742 2163 813 2241 five
827 2164 1021 2243 nascantur
1036 2191 1059 2243 e
1075 2180 1177 2259 terra,

162 2356 171 2364 ,
242 2266 340 2358 „five
360 2269 555 2362 gignantur
573 2263 797 2360 iniquissimis
815 2265 902 2356 fati,
925 2269 1091 2363 vitaeque
1107 2260 1207 2373 bref

241 2364 415 2456 „viiirmae
434 2366 605 2462 angustiis
623 2365 877 2453 includuntur,
900 2367 939 2442 in
960 2368 1097 2465 quibus
1117 2366 1171 2441 ho·
1200 2410 1203 2415 -

241 2489 331 2555 „mo
347 2467 458 2541 etiam
473 2464 546 2562 ipse
566 2464 632 2538 est:
658 2463 818 2539 diversus
838 2479 1048 2542 atomorum
1064 2468 1170 2543 nexus

239 2578 381 2653 „tantae
396 2563 506 2661 hujus
524 2565 562 2640 in
580 2562 792 2661 persistendo
815 2563 1031 2643 differentiae
1055 2566 1184 2649 causas..

239 2663 336 2754 „eise
351 2663 635 2759 respondebunt,
662 2666 752 2739 item
773 2666 820 2737 ex
835 2666 944 2740 certis
961 2664 1185 2762 quibusdan.
1202 2684 1205 2731 :

236 2764 357 2851 „alia,
390 2774 561 2861 certoque
578 2762 688 2838 modo
705 2762 890 2860 figuratis,
922 2763 994 2863 aiia
1010 2788 1059 2839 ex
1074 2764 1188 2855 aliis„

236 2886 306 2949 „ac
323 2861 430 2937 aliter
445 2863 662 2938 habentibus
677 2862 744 2938 effe
759 2860 971 2940 commixta.
1005 2863 1081 2941 Sed
1098 2866 1187 2961 qul·

227 2960 325 3053 „ille
355 2983 462 3058 porro
495 2961 716 3055 diversarum
747 2960 843 3059 quasi
874 2964 1037 3040 tribuum
1063 2961 1166 3062 judex
1182 3013 1203 3051 ·,

236 3059 354 3148 „alias
373 3061 491 3156 cogit,
517 3060 656 3159 diffipat
673 3060 795 3153 alias?
833 3063 924 3150 Quis
943 3084 1008 3138 eas
1028 3060 1180 3139 interis·

234 3158 478 3248 „committit,
517 3172 560 3236 ut
584 3161 669 3236 inde
692 3161 804 3236 modo
838 3160 910 3250 sol,
946 3162 1060 3238 modo
1092 3163 1165 3237 luna

234 3261 419 3349 „oriatur3
454 3281 523 3334 nec
548 3261 645 3335 enim
671 3258 830 3357 proferto
854 3275 919 3337 aut
941 3259 1079 3357 solares
1103 3260 1167 3338 ilia

234 3371 351 3446 ‚,tot,„
364 3369 482 3453 atque
500 3357 613 3448 tales,
646 3383 763 3456 eoque
781 3359 979 3459 conjuntiae
997 3362 1112 3435 modo
1128 3358 1172 3437 td
1210 3358 1211 3367 '

235 3457 362 3547 „ionae
379 3459 664 3554 procreationem
681 3462 955 3548 concurrerent,
986 3472 1054 3536 aut
1073 3460 1171 3535 luna·
1191 3506 1196 3527 ·

130 3572 133 3579 ’
231 3558 355 3647 „rium
376 3568 582 3632 atomorum
606 3580 723 3634 nexus
744 3557 855 3634 solem
879 3583 1039 3658 unquam
1058 3556 1198 3634 effice·-

209 3667 363 3757 ,nent
399 3655 568 3735 Profetio
583 3655 610 3733 fi
625 3677 751 3736 earum
768 3669 945 3770 unquam
960 3658 1175 3737 inanimatas
1197 3674 1211 3777 ,1

331 3812 335 3819 ·
1068 3779 1172 3852 samm
1208 3796 1211 3847 Ι
