2430 4366
333 226 522 351 Epistola.
853 261 916 353 ῃ

115 441 153 496 ae
169 418 364 509 mulieres,
394 442 477 516 quae
494 418 527 495 le
546 444 630 497 curn
648 419 735 497 viris
751 420 914 498 dormisse

115 518 168 595 sae
194 522 295 608 lunt,
333 518 549 610 affecerant,
583 521 618 595 se
642 522 801 617 integras
833 520 911 597 else.

115 618 194 693 uod
222 621 260 695 S.
286 619 491 717 Cyprianus
519 621 570 695 ita
601 619 806 717 respondet:
838 621 914 717 pati

115 718 270 795 ebemus
284 719 443 815 virgines
456 742 541 794 cum
555 718 722 794 masculis
738 718 914 807 habitare,

115 818 177 891 ico
197 817 300 893 snnul
320 817 497 907 dormire,
529 816 590 892 sed
609 841 677 892 nec
695 816 799 893 simul
815 818 916 895 vive·
988 836 993 853 ⁸

114 914 282 992 peranda
299 916 338 994 dc
356 916 549 1011 vigilanter
571 917 617 992 de
638 914 845 1014 periculosis
861 914 918 991 lo·

114 1017 202 1108 ¹ivis,
224 1040 270 1091 ne
287 1016 383 1091 inter
404 1014 590 1113 scopulos,
614 1015 652 1091 dt
666 1015 751 1092 saxa
770 1014 916 1111 stangu-

114 1138 226 1192 nemo
244 1115 307 1190 diu
326 1126 429 1190 tutus
454 1114 504 1191 est
525 1114 686 1213 periculo
705 1119 917 1215 proximus,

114 1216 245 1290 vadere
261 1212 446 1290 diabolum
461 1214 583 1297 servus
599 1214 668 1289 Dei
683 1216 834 1309 poterit,
855 1214 918 1311 qui
946 1214 953 1227 '

114 1313 197 1390 boli
214 1313 353 1411 laqueis
372 1312 583 1411 implicavit.
633 1311 765 1402 Quodsi
786 1337 832 1387 ex
846 1304 919 1387 fide

114 1413 203 1489 tillo
226 1415 455 1502 dicaverunt,
493 1413 643 1513 pudice,
677 1410 716 1488 dc
736 1410 828 1487 caste
847 1409 920 1486 srne

113 1511 224 1588 abula
236 1511 481 1609 perseverent,
508 1511 675 1588 fiautem
696 1511 921 1610 perseverare

113 1625 137 1687 .t
158 1609 319 1711 (necdum
336 1624 410 1686 uoto
430 1610 633 1711 obligata),
666 1612 725 1685 vel
744 1636 818 1685 non
841 1608 922 1708 pos·

139 1709 276 1786 melius
301 1709 370 1799 est,
400 1713 560 1800 nubant,
582 1732 707 1807 'quarn
734 1711 772 1786 in
798 1709 922 1805 ignem

113 1811 143 1885 is
172 1808 247 1885 suis
272 1810 414 1887 cadant.
477 1810 556 1886 Nec
582 1809 703 1906 aliqua
729 1821 853 1906 putet,
887 1806 923 1881 se

115 1910 191 1983 hac
212 1908 442 1985 excusatione
463 1909 629 1996 defendi,
661 1908 759 2006 quod
776 1904 922 2005 inspici,

113 2008 219 2084 obari
241 2008 362 2106 polsrt,
398 2032 444 2083 an
464 2009 566 2103 virgo
588 2006 652 2095 sit,
687 2030 770 2082 cum
790 2006 828 2081 dc
847 2008 927 2081 rna·

113 2106 349 2196 bstetricum‚
375 2106 533 2183 &oculi
558 2105 651 2203 saepe
670 2106 862 2180 fallantur:
888 2101 927 2179 dt

113 2224 271 2304 orrnpra
300 2209 451 2283 inventa
475 2206 586 2280 fuerit
607 2207 710 2301 uirgo
735 2228 776 2278 ea
803 2217 928 2301 parte,

113 2309 241 2381 nulier
271 2305 503 2402 potestesse,
535 2306 693 2401 potuerit
725 2317 849 2379 tamen
880 2304 927 2375 eir

113 2407 273 2504 :orporis
298 2419 399 2502 parte
424 2402 604 2501 peccasse,
639 2426 721 2500 quae
747 2401 929 2498 corrumpi

113 2530 140 2594 t,
180 2505 366 2581 &tamen
387 2503 511 2601 inspici
536 2527 610 2576 non
636 2502 759 2599 potest.
820 2504 929 2576 Certe

113 2605 339 2690 oncubituS,
362 2603 433 2699 ipse
452 2603 686 2700 complexuS,
711 2600 785 2697 ipsa
806 2599 931 2674 consa-

112 2708 178 2790 io,
215 2702 466 2791 deosculatio,
501 2699 828 2798 &conjacentium
855 2712 932 2773 tur-

112 2803 260 2878 icfaeda
277 2801 447 2876 dormitio
464 2812 640 2897 quantum
657 2799 866 2887 dedecoriS,
893 2796 932 2873 dc

112 2905 177 2976 nis
206 2899 427 2976 confitetur?
478 2899 518 2974 Si
543 2899 796 2997 superveniens
822 2898 933 2971 mari·

112 3000 265 3099 ponsam
292 3001 391 3074 suam
415 2998 597 3096 jacentem
627 3022 710 3072 cum
740 2997 854 3071 altero
880 2996 936 3070 vi·

144 3122 271 3173 nonne
289 3099 515 3194 indignatur,
541 3096 579 3172 dt
600 3120 662 3195 per
681 3097 750 3171 zeli
770 3095 936 3170 dolorem

112 3198 171 3274 ffis
190 3197 407 3294 &gladium
426 3199 463 3272 in
484 3220 633 3271 manum
652 3192 788 3271 sumit?
812 3192 936 3282 Quid?

112 3299 180 3372 ius
200 3290 411 3385 Dominus,
426 3295 465 3372 dc
481 3295 597 3395 Judex
620 3294 736 3370 noster
761 3317 845 3370 cum
862 3293 936 3375 vir·

112 3422 139 3472 n
168 3395 268 3470 suam
291 3396 355 3471 fibi
383 3395 540 3471 dicatam
564 3393 685 3492 jacere
711 3418 794 3469 curn
815 3390 933 3467 altero

113 3510 158 3583 t,
183 3517 274 3590 quas
289 3517 415 3593 poenas
430 3492 571 3569 incestis
587 3492 764 3591 ejusmodi
782 3490 932 3588 conjun-

111 3598 197 3671 ibus
220 3596 471 3670 comminatur.
530 3593 683 3667 Etcum
705 3614 833 3666 ornnes
853 3615 933 3664 om·

125 3694 349 3792 disciplinam
367 3707 497 3866 tener}
510 3703 696 3789 oporteat,
720 3690 838 3768 multo
853 3711 933 3802 ma·

520 3812 542 3885 5
644 3834 646 3839 “
849 3808 933 3884 „ng
