2430 4366
361 134 825 281 'ommonem
979 188 1073 285 pop,
1171 122 1174 127 Δ

114 301 240 447 'amm
253 348 394 431 tartum
408 348 611 428 racemosa
632 318 756 427 mun
772 348 839 427 tm
855 308 1065 450 exemplo„
1136 436 1138 451 Ι
1198 414 1200 419 ,

126 474 374 551 „proponam
398 451 496 548 quod
510 450 606 548 apud
621 470 690 529 nos
706 451 870 546 contigit
922 451 1012 555 Erat
1024 455 1063 529 in

118 550 227 642 „hac
251 553 338 627 urbe
362 549 536 649 Serapion
559 549 706 646 quidam
731 548 839 626 senex
862 575 884 627 e
910 568 1194 667 numerosmpi

115 648 339 742 „fidelium
370 650 431 747 qui
452 648 593 747 reliquo
613 650 761 746 quidem
780 649 955 729 anteauae
973 652 1060 729 vitae
1072 654 1200 738 mataps

113 759 319 847 „tempore
347 751 440 826 nulli
471 749 589 848 culpae
622 748 802 826 obnoxius
825 745 963 840 suerut',
1001 738 1111 828 sed&
1123 758 1202 837 ⁶⁰3⁶·

113 849 194 940 „in
224 847 467 947 persecutione
495 848 615 947 lapsus
645 850 888 947 saepenumero
915 851 1060 929 veniam
1071 843 1182 892 m·

113 950 317 1045 „petierat
370 949 469 1029 Idem
484 947 605 1046 postea
619 951 747 1025 morbo
763 961 969 1048 correptuS,
995 977 1061 1034 vu·

113 1047 209 1139 „cis
224 1047 306 1134 usu,
324 1047 495 1144 sensuque
508 1048 608 1124 omni
623 1071 748 1123 carens
760 1048 882 1125 triduo
894 1071 1061 1147 perman·

113 1144 218 1239 „fit,
256 1157 383 1244 quarto
409 1148 556 1245 demum
582 1148 640 1223 die
665 1147 853 1246 paululum
876 1161 1060 1228 recreatus

113 1260 322 1344 „nepotem
346 1246 393 1320 ad
417 1245 602 1335 sevocat,
635 1245 674 1324 δι
698 1249 767 1324 ait:
802 1248 945 1325 accerse
968 1253 1060 1328 mini

112 1368 268 1438 „uuum
300 1346 613 1443 expresbyteris.
664 1346 758 1423 Haec
789 1371 872 1424 cum
898 1348 1057 1440 dixisset,

112 1444 272 1535 ‚,rursus
289 1468 373 1519 eum
389 1469 461 1519 vox
479 1444 646 1533 destituit,
696 1447 792 1523 Puer
805 1447 852 1526 ad
865 1448 1059 1544 Presbyte-

113 1565 233 1643 „rum
261 1543 436 1632 cucurrit,
473 1543 667 1642 Presbyter
691 1559 814 1641 autem
837 1550 1058 1643 aegrotabat,

114 1640 211 1735 „sed
227 1644 396 1741 quoniam
412 1645 449 1718 in
463 1644 645 1720 mandatis
659 1642 827 1734 dederat,
851 1660 893 1721 ut
907 1647 1057 1723 moritu·

119 1734 221 1836 „rim
248 1741 474 1839 srpeterent‚
500 1743 538 1821 dc
555 1742 736 1834 maxime,
762 1742 908 1821 slantea
926 1746 1057 1845 suppli·

115 1840 241 1934 „citer
271 1841 514 1939 postulassent,
549 1843 655 1918 venia
679 1842 947 1940 indulgeretur,
984 1867 1058 1943 quo
1184 1862 1194 1870 ’

113 1942 255 2034 „bonae
274 1941 345 2037 spei
364 1941 462 2039 pleni
481 1965 527 2016 ex
549 1941 619 2017 hac
634 1941 711 2018 vita
729 1943 945 2039 migrarent,
978 1946 1057 2021 exi-

113 2064 257 2139 ,‚guam
279 2039 509 2118 Eucharistiae
534 2053 674 2138 partem
697 2046 808 2139 puero
829 2044 979 2137 tradidit
996 2044 1055 2141 ju·

112 2142 258 2234 „bens,
283 2152 325 2215 ut
341 2139 380 2214 in
399 2161 493 2234 aqua
515 2136 588 2214 seni
605 2140 644 2215 in
664 2164 706 2215 os
723 2139 929 2232 instillaret,
954 2144 1054 2239 quod

113 2262 231 2333 „cum
247 2263 335 2337 puer
352 2238 506 2327 fecisset,
530 2238 672 2315 bucella
693 2239 869 2337 paulatim
886 2240 1054 2341 absorpta·

112 2339 253 2433 „senex
283 2330 454 2413 cdntinuo
483 2339 640 2414 animam
666 2338 863 2416 exhalauit.
915 2336 1051 2418 Annon

113 2439 253 2537 „igitur
285 2438 465 2537 perspicue
501 2449 674 2536 apparet,
713 2462 809 2518 eumv
830 2440 1051 2520 reservatum

113 2538 262 2631 „missa
288 2537 408 2641 quoad
425 2537 726 2614 reconciliaretur.

325 2705 725 2791 EPISTOLA
773 2705 836 2785 IV.

157 2832 217 2913 ao
242 2830 478 2882 econamum
505 2829 709 2880 Romanum
731 2810 994 2885 bonumeam
1064 2890 1072 2909 „

180 2936 306 3037 Hujus
324 2938 480 3037 epistolae
493 2938 659 3013 meminit
678 2937 851 3013 Eusebius
866 2938 936 3037 bist.
947 2936 1040 3017 Eccs.
1057 2933 1183 3036 Notati

113 3039 134 3119 s.
153 3044 188 3114 ό.
214 3066 241 3115 c.
259 3042 340 3138 46.,
372 3039 411 3113 in
432 3060 502 3135 qua
524 3035 693 3113 Cornelio
715 3035 909 3134 significat,
941 3036 976 3115 se
996 3017 1182 3121 ,bscapma

113 3136 255 3217 Heleno
272 3135 428 3212 Tarsensr
451 3135 644 3234 Episcopo,
673 3135 882 3215 Firmiliano
902 3103 1179 3238 Cappa-W*

113 3238 247 3326 dociae,
280 3236 318 3314 dt
340 3234 539 3311 Theostisto
566 3235 764 3313 Palaestinae
789 3235 973 3337 Episcopi!
996 3236 1045 3317 ad

113 3338 302 3437 Synodum
318 3334 586 3416 Antiochenam
601 3335 796 3414 invitatum
812 3333 901 3426 esse,
918 3340 1045 3437 inqua
1083 3362 1104 3389 -·

115 3435 259 3532 quidam
276 3434 409 3513 Novati
435 3435 596 3511 schisma
610 3433 822 3511 confirmare
838 3434 1042 3515 tentabant.

117 3537 243 3614 Scribit
270 3537 381 3611 etiam
399 3534 511 3610 Fabio
534 3533 762 3610 Antiocheno
783 3534 959 3633 Episcopo
979 3535 1043 3610 de·

117 3634 230 3712 suntto
256 3633 530 3711 Demetrianum
552 3630 735 3712 suffectum
760 3634 846 3712 esse:
881 3634 920 3715 dc
946 3634 1043 3732 quod

581 3732 646 3806 Cc
671 3758 696 3827 4
955 3733 1044 3811 Alo
