2466 4364
23 132 26 139 ’
150 214 185 320 a
319 170 321 175 ’
503 174 751 322 emprani

2 430 6 441 ·
27 391 37 431 ·“
151 394 323 506 rietaap.
340 376 456 490 '1471ss
476 408 541 488 per
555 389 790 475 Vindelinum
807 386 1029 486 spirensem,
1055 390 1095 469 ὅτ

149 490 384 567 innominata
404 487 643 574 sme'nomine
661 489 781 571 urbis,
807 487 845 563 δι
862 490 1094 587 typographi.

75 666 78 671 ,
148 587 268 665 'Anno
293 596 398 683 15'12.
423 587 496 665 alia
519 588 632 665 editio
655 612 703 663 ex
723 587 963 686 typoeraphia
982 589 1095 664 Rem-

116 734 129 751 ι-
148 687 257 764 uorat
273 686 416 785 prodiit
466 687 610 762 Novam
631 685 822 763 adornavit
838 680 1013 762 Erasmus
1028 712 1094 762 an·

150 810 208 863 no
225 808 331 883 1520.
346 784 508 863 Basileae·
518 786 736 883 impressam,
763 784 927 861 &variis
945 785 984 860 in
1000 784 1095 863 locis

62 941 67 951 ,
146 884 288 984 iat'pius
303 884 475 981 recusam.
518 884 629 960 Anno
648 908 753 984 1544.
771 884 886 959 altera
901 884 1013 961 editio
1028 885 1093 960 sub

148 976 305 1061 nomine
319 985 445 1059 Gravii
460 983 626 1061 Coioniae
641 986 680 1085 in
696 984 816 1059 lucem
832 984 974 1080 prodiit.
1015 985 1092 1059 Ro·

145 1094 231 1169 -artae
250 1084 340 1179 item
363 1106 459 1159 anno
483 1089 588 1184 1564.
609 1082 747 1159 Paulus
765 1083 952 1158 Manutius
979 1082 1094 1160 aliam

36 1178 40 1191 '
141 1182 361 1291 epimonem·
390 1185 606 1279 procuravit.
683 1181 958 1257 Accuratiorem
989 1183 1094 1259 dedit

53 1365 56 1377 ,
145 1280 340 1359 Ῥαωοίίιιε
365 1278 591 1379 Antwerpiae
614 1284 719 1377 1568.
752 1280 791 1357 δι
813 1281 900 1355 alibi
927 1282 1090 1357 maxime

142 1404 261 1458 anno·
278 1384 384 1456 roro.
412 1380 573 1457 recusam
596 1379 749 1456 Parisiis.
815 1378 927 1456 Nova
954 1380 1090 1477 prodiit

136 1478 365 1555 ‘oxonii-an.
386 1484 492 1565 1682.
543 1479 708 1577 Denique
723 1476 897 1557 Baluzius
912 1480 1090 1577 optimam

142 1577 311 1676 Operum
327 1578 366 1655 S.
382 1578 556 1677 Cypriani
569 1578 767 1654 editionem
782 1578 1001 1666 elaboravit,
1026 1579 1087 1656 cui

144 1690 275 1754 tamen
292 1677 468 1754 Baluzius
490 1679 709 1753 immortuus
727 1676 795 1763 est,
821 1699 902 1752 eam
919 1697 1005 1751 vero
1022 1678 1086 1753 ab·

22 1815 26 1823 ,
131 1774 481 1853 „solatmonachus
503 1772 759 1852 Benedisiinus
784 1776 1086 1871 congregationis

149 1874 190 1950 S.
214 1876 334 1952 Mauri
352 1876 585 1982 praesatipne,
615 1873 655 1952 &
676 1876 751 1950 vita
772 1875 811 1951 S.
828 1868 1001 1971 Cypriani
1021 1874 1087 1950 ad·

140 1972 258 2097 jesia,
277 1986 437 2073 'quaeque
450 1972 593 2053 Parisiis
606 1998 665 2051 an.
681 1979 786 2074 1726.
800 1972 921 2049 lucem
933 1972 1083 2072 aspexit.

140 2110 615 2254 :omo
624 2178 1087 2224 omo

114 2314 148 2423 .’
231 2345 271 2425 s,
322 2325 603 2442 caucium
655 2342 999 2445 creamur

136 2490 141 2499 ·
396 2463 830 2607 uer-eroum.

137 2714 188 2765 ¹.
457 2661 716 2742 Ee1sroun
746 2663 852 2739 1.·.
959 2714 1004 2737 ι,

149 2812 153 2819 ·
378 2781 508 2861 Donati
542 2783 589 2860 ad
632 2780 844 2885 Cypriorum.

136 2968 348 3103 Donatus
365 2966 420 3042 uti
444 2980 553 3044 antea
572 2969 740 3045 oratoriae
758 2969 868 3056 artis,
892 2967 945 3069 ita
962 2967 1078 3045 etiam

133 3106 140 3121 ι
175 3116 177 3129 .
238 3064 277 3138 in
300 3062 491 3165 Baptismo
513 3067 665 3163 Collega
685 3068 723 3144 S.
742 3068 925 3165 Cypriane
947 3066 1094 3163 episto·¹

134 3164 217 3240 ¹iam
236 3161 389 3260 scripsit,
421 3163 525 3262 cujus
543 3165 682 3241 nonnisi
703 3168 811 3242 breve
830 3167 1077 3260 fragmentum

139 3265 188 3339 ad
206 3284 275 3338 nos
290 3264 473 3359 pervenit,
498 3266 596 3341 unde
609 3264 724 3342 ‘etiarn
740 3265 830 3340 illud
846 3264 1018 3340 Baluaius
1034 3266 1076 3341 in

29 3456 33 3461 ¹
136 3362 200 3441 sua
220 3360 379 3438 editione
399 3362 526 3439 omisrt.
586 3362 648 3439 Est
669 3379 792 3441 autem
814 3363 993 3460 sequentis
1016 3376 1075 3436 te-

56 3504 63 3513 ·
135 3463 256 3537 noris:
281 3462 426 3547 „Credo
446 3474 484 3537 te
497 3461 674 3553 retinere,
700 3460 1075 3559 saniiiisrmecppria·

135 3585 229 3652 „ne,
260 3579 343 3655 quae
362 3560 470 3634 nobis
489 3561 599 3638 suerit
617 3562 718 3660 apud·
734 3577 896 3638 oratores
915 3561 1073 3657 maruli-

133 3674 239 3752 „tas,
268 3678 367 3735 anua
385 3657 540 3751 sensum·
557 3679 632 3739 una
653 3661 849 3759 cogitatio,
879 3660 1072 3834 individlr'u

511 3806 516 3817 “
911 3852 917 3857 .
986 3812 1013 3853 ar
1030 3782 1071 3835 θ’
