2430 4366
109 240 150 323 ᾖ
226 172 447 301 ⁴ss'srerric
462 203 708 324 Speuacutic
774 287 794 327 ᾗ,
869 228 955 324 253
1069 274 1072 279 .
1143 306 1148 319 θ

105 394 188 489 tque
214 388 417 483 dimicans,
435 346 438 355 Ι
454 391 591 482 cestus,
609 388 665 470 'dr
691 375 962 471 coliustationic.
1106 406 1125 463 ·.

105 492 170 569 irae
193 489 365 569 aduersus
389 491 563 588 spiritales
589 492 957 591 nequitiasproponit
1078 504 1115 547 ·'·

105 604 239 666 tamen.
289 588 426 668 Rursus
440 592 486 667 de
499 592 622 669 stadiis
640 591 751 671 sumit
764 591 954 688 exempla.

105 709 188 767 ccae
212 712 285 787 quo
310 713 357 766 ue
381 691 536 767 collocat
583 691 734 769 raemia„
765 691 840 767 Cur
865 713 952 787 ergo
1009 710 1013 715 ·
1056 685 1062 694 '
1119 706 1122 713 ·

105 789 182 865 cini
207 789 282 866 chr'
316 790 399 864 iano
425 789 523 867 fideli
546 814 619 869 non
644 790 752 867 liceat
778 788 952 888 spestare‚
1048 822 1091 859 ·.
1149 814 1156 835 ·
1197 824 1203 893 '.

105 887 144 964 td
160 886 264 965 licuit
287 888 420 965 divinis
443 888 559 968 literis
584 886 761 965 scriberes
810 890 893 965 Hoc
913 889 953 967 in

105 1012 130 1063 c
144 986 323 1079 dixerim,
346 988 455 1085 longe
473 990 604 1088 melius
623 989 744 1079 fuisse,
768 988 888 1064 nullas
906 989 952 1067 li·
973 1022 976 1027 <
1133 980 1134 987 '

105 1107 145 1165 ιι
157 1085 275 1178 nosse,
309 1108 419 1184 quam
438 1087 486 1165 fic
504 1089 628 1165 literas
646 1087 779 1185 legere.
830 1087 953 1167 Verba

105 1187 166 1276 tm,
200 1184 240 1262 dc
264 1186 450 1286 exempla,
486 1210 568 1286 quae
592 1187 640 1265 ad
648 1187 953 1264 :exhortationem

105 1283 267 1382 mgeiicae
285 1287 430 1363 virtutis
453 1287 564 1385 posrta
581 1286 682 1377 sunt,
715 1287 762 1362 ad
780 1288 955 1367 vitiorum
1045 1350 1050 1363 r
1154 1262 1157 1269 Ι

105 1383 245 1461 trocinia
270 1386 554 1463 transferuntur:
587 1386 758 1485 quoniam
781 1411 876 1477 non,
910 1398 955 1463 ut

105 1482 284 1560 situentur
302 1485 386 1578 ista,
420 1485 548 1585 scripta
564 1485 664 1575 sunt,
689 1485 748 1561 sed
765 1498 807 1561 ut
821 1484 955 1563 animis

105 1581 173 1658 sris
202 1582 369 1697 instantia
397 1585 513 1684 major
537 1587 756 1662 excitaretur
779 1587 825 1700 in·
845 1586 958 1699 rebus.

105 1683 955 1898 :suresururtutrruzrt

105 1904 126 1956 a
145 1879 194 1955 est
211 1882 369 1975 Israelis,
399 1907 474 1960 non
494 1896 738 1981 patrocinatur
757 1881 954 1980 spetunuc

105 1972 290 2075 rcenfibus3
320 1984 359 2060 in
376 1981 478 2059 nullo
498 1984 595 2059 enirn
614 1983 648 2059 is
667 1982 764 2059 circo
782 1981 954 2059 cucurrit.
1103 2026 1108 2033 ·
1190 1972 1192 1981 ’

111 2079 210 2177 quod
226 2081 345 2157 David
360 2082 399 2158 in
415 2079 602 2180 conspettu
617 2081 687 2158 Dei
705 2082 836 2158 choros
855 2080 953 2177 egit,

105 2179 138 2254 til
158 2177 309 2277 adjuvat
330 2181 370 2256 in
389 2181 533 2256 theatro
557 2180 721 2256 sedentes
745 2178 955 2255 christianos
1046 2230 1049 2234 ·

105 2279 190 2369 eles3
226 2279 327 2354 nulla
347 2281 443 2356 enim
463 2280 637 2356 cbscoenis
657 2280 815 2355 motibus
837 2300 953 2354 mem·
1030 2299 1033 2303 ·

105 2402 114 2453 ι
130 2376 353 2475 distorquens
372 2378 559 2455 desaltavit
577 2400 706 2474 graecae
727 2377 884 2454 libidinis
899 2376 956 2452 sa·

105 2473 182 2556 lain.
234 2476 366 2569 Nabla,
385 2500 472 2566 aera,
488 2478 601 2570 tibiae,
618 2477 818 2553 &citharae
835 2477 956 2552 Deum

105 2577 276 2667 inerunt,
311 2602 384 2655 non
410 2578 560 2654 idolum.
619 2577 703 2653 Non
728 2577 837 2671 igitur
863 2597 955 2673 prce»

105 2675 239 2765 tuetur,
263 2687 306 2752 ut
324 2676 520 2776 spettentur
534 2677 681 2766 illicita,
705 2675 849 2751 diabolo
870 2675 957 2750 arti·

105 2798 118 2849 a
140 2798 188 2850 ex
213 2775 338 2852 santiis
357 2777 395 2851 in
414 2774 540 2853 illicita
561 2788 702 2853 mutata
718 2773 808 2852 sunt.
858 2774 958 2851 Prae·

105 2874 176 2951 ibat
192 2876 302 2971 igitur
316 2874 392 2952 istis
410 2877 545 2972 pudor,
570 2873 707 2951 etiamst
726 2898 800 2950 non
817 2871 958 2971 possunt

105 2972 175 3052 1&ae
190 2976 342 3068 Literae3
373 2975 541 3072 quaedam
559 2977 657 3051 enim
675 2974 860 3071 Scriptura
878 2995 959 3047 ma·

137 3074 304 3170 providet
335 3075 374 3148 in
408 3075 667 3171 praecipiendo:
705 3071 962 3148 verecundiam
1060 3120 1062 3125 -

105 3169 141 3247 sa
156 3173 241 3270 plus
256 3173 466 3257 interdixit,
492 3174 575 3268 quia
591 3172 716 3251 tacuit.
751 3172 846 3258 Quid
862 3170 959 3245 Scri·

105 3292 155 3346 tra
186 3270 401 3348 interdixit?
439 3272 628 3347 Prohibuit
660 3272 759 3346 enim
793 3266 958 3367 spectari,
1078 3252 1084 3329 Ῐ
1154 3266 1159 3279 “

105 3369 148 3446 ud
173 3372 358 3468 ptohibuit
379 3373 476 3467 geri:
515 3371 659 3458 omnia,
691 3372 862 3465 iuquam,
896 3364 961 3443 ista

105 3467 329 3555 siaculorurn
344 3490 476 3564 genera
490 3469 696 3556 damnavit,
721 3468 867 3564 quando
881 3466 961 3541 ido·

105 3569 232 3645 atriam
253 3569 388 3645 sustulit
410 3568 580 3646 ludorum
602 3570 766 3668 omnium
784 3579 960 3655 matrem,

106 3669 149 3741 de
164 3671 245 3747 haec
264 3668 455 3763 cauum,
488 3667 527 3747 dt
544 3664 707 3754 levitatis
724 3664 882 3751 monstra
898 3685 961 3749 ue·

105 3778 193 3846 funt·
765 3790 802 3848 2·
825 3752 963 3872 ‚270in
1098 3854 1101 3859 .
