2430 4366
35 172 39 184 Ι
99 192 101 197 ’
209 209 335 310 «388-
450 180 961 315 &Dionysiirilexatrdririi
1048 192 1062 287 f

80 328 83 332 ι
120 325 124 335 ι
250 334 402 473 „tamen
426 376 546 453 dicere
572 366 809 465 verebuntur,
846 373 1094 497 philosophari
1116 363 1173 467 ibi

251 478 353 570 „non
373 475 441 550 elle
458 472 645 573 voluptate
665 475 803 571 vulgari
822 473 1034 574 jucundius,
1082 472 1194 577 Nun·

226 578 455 674 ,„Epicutus
468 574 563 650 forte
579 598 663 659 cum
677 574 773 650 ultra
786 576 963 652 mundum
983 575 1086 657 hunc
1101 595 1175 671 pro·
1208 636 1209 643 Ν

49 742 52 749 ,
249 676 447 774 „lpiciens,
470 696 513 749 ac
528 672 705 750 coelestem
720 673 823 751 illum
837 675 1020 752 ambitum
1036 686 1181 772 praeter«,

104 773 105 777 '
182 778 199 849 .“
249 774 430 873 „gretiam
448 785 514 865 aut
525 770 784 872 peroccultum
798 773 994 870 quemdam
1008 770 1181 887 posticum·

250 872 431 971 „egrelius
460 872 550 948 deos
574 871 612 947 in
635 894 751 947 vacuo
779 872 952 968 degentes
985 870 1104 958 vrdit,
1139 893 1177 946 ac

249 974 454 1063 „summam
474 989 600 1065 eorum
621 971 733 1047 tantis
753 970 791 1046 in
811 970 946 1047 delitiis
966 969 1177 1047 felicitatem

54 1082 58 1101 ²
161 1162 164 1171 ,
249 1071 480 1164 „admiratus
500 1069 723 1167 voluptatem
745 1069 830 1145 inde
853 1067 1098 1169 concupiscit,
1130 1082 1196 1144 at«.

250 1193 350 1270 „que
376 1167 498 1258 illam,
536 1190 619 1266 quae
650 1169 692 1243 iu
719 1190 836 1245 vacuo
863 1170 1031 1258 ducitur,
1072 1167 1177 1245 vitam

142 1328 145 1333 -
176 1290 179 1297 ’
252 1267 473 1360 „aemulatus
496 1289 622 1347 omnes
640 1267 812 1343 continuo
834 1279 1010 1366 tanquam
1031 1266 1176 1343 deorum

196 1376 199 1381 ’
251 1369 425 1460 „illorum
453 1366 583 1444 slmiles
613 1366 777 1459 futuros,
810 1364 889 1465 ejus
917 1367 964 1443 ad
996 1366 1176 1442 felicitatis

121 1554 128 1571 ¹
251 1468 570 1559 „communionem
595 1466 745 1558 invitat,
777 1466 906 1563 quibus
929 1465 995 1542 ille
1018 1486 1176 1546 coenacus

243 1568 355 1656 „lum
375 1565 452 1662 jam
476 1591 550 1643 non
571 1563 724 1655 coelum,
757 1560 818 1641 sed
838 1588 1001 1643 uacuum
1023 1563 1172 1655 instruit,

251 1662 479 1756 „confestam
511 1688 558 1740 err
587 1665 720 1739 atomis
742 1686 927 1762 apponens
948 1661 1170 1755 ambrosiam,

252 1763 511 1861 „indidemque
537 1761 656 1839 net'tar
675 1763 838 1840 haustum
860 1761 1089 1863 propinans?
1117 1758 1170 1839 ce
1197 1792 1209 1845 r

253 1877 400 1952 „tetum
415 1864 461 1938 iis
481 1862 668 1949 derebus,
699 1883 783 1960 quae
804 1861 894 1938 nihil
914 1862 960 1938 ad
986 1884 1059 1938 nos
1080 1863 1170 1977 perti·
1195 1876 1202 1941 i

254 1974 411 2056 „neant,
436 1961 537 2037 mille
554 1960 758 2060 juramenta
777 1960 847 2036 suis
869 1958 991 2058 patum
1010 1960 1115 2037 libris
1131 1959 1168 2037 ir·
1192 1980 1209 2042 rt

253 2062 435 2150 „ferciens
452 2081 517 2158 per
529 2059 655 2160 Jovem
671 2058 803 2137 affidue
818 2058 877 2135 vel
898 2073 1010 2156 negat
1022 2060 1168 2157 aliquid,
1200 2068 1209 2135 '.

162 2236 166 2245 ,
204 2201 207 2205 -
255 2158 341 2253 „vel
364 2157 537 2246 affirmat,
571 2184 644 2234 non
667 2159 764 2257 quod
787 2160 876 2234 deos
899 2158 972 2257 ipse
998 2173 1167 2250 vereatur,
1192 2174 1209 2239 :r

116 2332 120 2337 .
167 2262 170 2269 ’
253 2270 346 2347 „aut
361 2257 554 2354 perjurium
573 2256 651 2332 ullo
671 2258 781 2333 modo
797 2258 1028 2346 reformidet,
1055 2257 1116 2333 sed
1131 2258 1168 2333 in·

244 2360 389 2445 „anem
413 2358 528 2445 hanc,
563 2355 723 2453 nihilque
747 2356 1005 2453 significantem
1027 2354 1168 2454 disputa·
1197 2390 1209 2437 r

118 2458 121 2463 ’
254 2456 424 2545 „tionum
440 2455 582 2531 suarum
598 2455 831 2552 appendicem
846 2453 1015 2532 effutiens
1030 2480 1107 2532 non
1119 2455 1168 2531 ali·
1197 2518 1203 2547 ,

255 2568 360 2644 „ter‚
403 2576 446 2630 ac
476 2552 502 2627 si
535 2577 685 2630 manum
715 2569 963 2647 commoveam
1005 2554 1167 2654 ejusmodi
1193 2550 1209 2639 ,ξ

163 2730 168 2737 ,
255 2655 413 2750 „quippe
429 2654 547 2728 omnis
560 2651 623 2728 ista
637 2652 785 2731 deorum
800 2654 994 2752 appellatio
1011 2653 1074 2730 est.
1108 2653 1167 2731 Nee
1193 2672 1208 2740 t

121 2754 123 2758 ’
255 2753 379 2842 „enim
401 2764 465 2827 aut
484 2750 725 2849 spiritualibus
749 2774 909 2849 unquam
932 2754 1051 2830 oculis
1072 2753 1165 2851 sulpe·
1198 2791 1209 2809 ·

253 2850 337 2939 „xit
353 2852 391 2924 in
408 2849 562 2939 coelum,
583 2862 625 2926 ut
641 2849 864 2928 clariiirmam
879 2851 981 2927 illam
997 2854 1166 2950 superiori·
1193 2922 1202 2941 ,

253 2950 349 3037 „bus
372 2971 393 3022 e
415 2949 507 3024 locis
530 2973 657 3026 vocem
681 2950 888 3026 exaudiret:
924 2949 1007 3026 Coelr'
1028 2964 1165 3027 ennam
1194 3020 1209 3043 ,

250 3048 421 3146 „gloriam
436 3047 512 3123 Dei.
538 3046 593 3148 Pſs
600 3063 655 3134 18.
665 3074 734 3124 mr.
759 3062 823 3125 aut
840 3069 926 3125 vero
942 3050 1164 3148 solumiplum
1189 3117 1209 3139 ,,

252 3159 401 3235 „mento
419 3145 598 3242 despexit,
627 3147 689 3223 ubi
706 3147 897 3238 didicillet,
929 3151 1028 3246 quod
1049 3148 1164 3224 Domini
1190 3158 1209 3237 ὲ,

252 3248 320 3343 „est
336 3260 443 3329 toro,
468 3244 686 3344 &plenitudo
702 3250 779 3346 ejus.
805 3245 861 3347 Pfi
871 3273 929 3344 23.
946 3273 979 3324 o.
991 3275 1022 3326 1.
1077 3249 1167 3325 Certe

252 3344 343 3439 „qui
363 3344 473 3418 nimia
493 3347 657 3419 caecitate
676 3371 749 3420 non
768 3345 955 3436 laborant,
981 3359 1122 3423 tantam
1135 3346 1169 3421 il·
1200 3415 1209 3445 ,

251 3441 355 3530 „lam
369 3467 412 3516 ac
426 3456 502 3517 tam
511 3444 646 3518 variam
664 3446 900 3525 animantium
911 3445 1172 3523 multitudinem
1203 3514 1209 3535 ,

254 3539 579 3637 „contemplentur,
596 3555 831 3633 terrenarum,
840 3543 1057 3634 volatilium,
1074 3568 1173 3641 aqua·
1204 3538 1209 3633 ζ

252 3640 419 3751 „tilium,
450 3662 494 3737 ac
512 3641 658 3718 demum
674 3643 899 3741 intelligunt,
927 3666 1175 3817 quamuerkrlrm

281 3775 284 3778 ’
1087 3795 1112 3833 tt
1139 3763 1177 3816 ⁰⁰
