2430 4366
124 217 216 339 ,
271 212 467 336 ,θρσωη
483 200 757 330 slagmerrtn·
896 224 983 333 387
1102 278 1106 293 .

113 394 195 483 neci
209 371 338 481 uocare
352 401 531 500 desinunt,
554 386 639 480 solae
655 398 819 478 omnium
837 382 976 500 peritae,
1083 448 1094 479 r

113 540 114 546 Ν
139 504 314 603 sapientes
339 504 451 585 atomi
474 497 587 580 Mure
612 496 854 595 celebrentur3
868 583 871 587 ,
887 525 975 577 num

113 605 294 701 equidem
307 624 358 692 ‚ex
374 605 506 679 atomis
525 602 670 699 Epicuri
684 600 901 696 theogonia,
926 618 975 675 ert

113 694 218 778 linitis
236 703 347 778 etiarn
364 701 509 778 mundis
525 699 708 791 exulavit,
738 698 777 778 in
795 699 973 776 infinitam

113 798 347 909 rturbationis
363 800 563 879 vastitatem
580 799 702 900 ejecta.

114 1018 151 1094 5.
176 997 327 1089 „Moliri
344 996 502 1094 aliquid,
535 982 800 1086 administrare,
820 991 970 1072 ‘bmrefa-
986 1015 1104 1090 Mam,

113 1118 168 1185 re,
192 1098 378 1194 providere
394 1096 569 1173 inertibus
588 1097 756 1193 quidem,
780 1096 967 1186 rto-stultis,
985 1120 1110 1188 operm
1158 1142 1161 1151 ·

113 1196 246 1272 bilibus
263 1220 306 1272 oc
322 1216 478 1293 nequam
495 1194 643 1274 molesta
658 1197 753 1270 sorte
768 1194 856 1287 smt,
881 1216 968 1293 quo
977 1189 1124 1276 stamen·
1142 1236 1145 1247 ·

113 1321 145 1369 m
173 1294 207 1370 se
229 1316 399 1382 numero,
435 1295 525 1371 dum
552 1294 640 1371 talla
660 1293 716 1376 ,de
747 1295 815 1370 diis
845 1294 968 1384 sentit,
984 1277 1051 1342 Deo
1063 1276 1153 1355 ''¹⁰¹‘'

113 1396 243 1471 ticurus
262 1392 445 1490 adjungit:
478 1404 621 1471 atvero
641 1386 823 1483 studiosis,
847 1360 1152 1470 valen-flamm·

113 1516 184 1582 us,
208 1494 407 1583 industriis,
432 1505 541 1591 atque
555 1493 763 1583 solertibus,
788 1488 971 1589 cujusmo·
1034 1548 1042 1568 f
1100 1529 1112 1595 j

120 1591 370 1689 Philosophos,
395 1593 664 1689 quantomagis
681 1592 972 1691 deoselseopor·
1080 1637 1083 1640 >

113 1703 163 1781 rt,
189 1715 262 1767 non
277 1690 388 1768 modo
404 1714 478 1766 non
491 1689 685 1787 injucunde
698 1691 796 1779 haec,
820 1691 859 1769 &
874 1691 979 1789 alpe·-

115 1840 126 1880 ,
158 1811 283 1866 verum
309 1792 420 1866 etiam
441 1788 690 1887 jucundiffima
712 1790 808 1876 sunt,
842 1791 974 1888 quibus

113 1888 306 1986 gligentia,
338 1889 529 1986 rerumque
562 1885 829 1986 procrastinatio
862 1889 973 1978 dede·

113 1990 326 2064 rivertitur.
377 1986 431 2063 At
454 2010 522 2063 non
544 1988 690 2084 gravium
712 1988 862 2065 instituit
884 1988 974 2066 Pro·
1102 1990 1107 1999 '

113 2099 196 2174 eta,
228 2087 318 2163 dum
337 2084 375 2162 ἀ
393 2086 551 2162 afflones
572 2108 661 2164 cum·
674 2087 808 2177 virtute
823 2087 974 2186 conjun·
1023 2146 1030 2159 ,

113 2209 140 2262 rs
159 2186 237 2262 Deo
255 2207 339 2262 vere
360 2186 488 2281 dignas
508 2185 576 2260 elle
595 2187 822 2287 pronuntiat,
851 2185 888 2262 δι
908 2211 973 2262 ne-
1084 2248 1086 2253 .
1113 2230 1116 2234 -

113 2287 196 2362 inm
219 2285 346 2374 illum,
376 2308 400 2360 a
424 2305 496 2382 quo
520 2286 767 2381 negligantur,
801 2284 972 2383 appellat.

113 2410 148 2461 rr.
159 2397 218 2484 48.
238 2410 270 2460 υ.
281 2411 340 2462 20.
391 2383 531 2461 Deinde
546 2384 601 2461 uti
621 2386 658 2458 in
676 2385 802 2481 quavis
817 2399 894 2461 arte
911 2406 972 2461 ru·
1031 2441 1038 2457 ,

114 2508 152 2572 s,
177 2483 215 2560 δι
234 2483 395 2559 inchoati
415 2495 567 2581 propter·
579 2484 811 2581 experientiae
829 2484 972 2560 novita-

113 2608 164 2673 n,
199 2578 409 2681 &operum
433 2582 688 2668 insolentium,¹
715 2583 802 2657 dum
822 2584 868 2659 ad
892 2602 971 2661 rem

113 2679 134 2757 'e
151 2684 307 2780 primurn
320 2683 532 2777 accingunt,
557 2680 754 2761 molestiam
770 2685 968 2779 patiuntur,

113 2845 116 2856 .
140 2781 202 2879 qul
227 2781 364 2877 aliquid
388 2781 589 2879 profecere,
622 2778 809 2877 multoque
829 2781 966 2897 magis,

112 2881 125 2956 i
157 2877 301 2979 perfesii
329 2876 407 2976 jum
440 2879 539 2966 sunt,
579 2878 604 2955 fi
655 2900 713 2956 uae
735 2878 970 2978 susceperint,

114 3004 152 3056 m
170 2976 296 3068 facile,
321 2978 545 3075 feliciterque
562 2903 777 3064 coniciunt,
803 2977 970 3058 exultant
1059 3028 1062 3033 -

113 3078 217 3165 imis,
242 3100 286 3162 ac
304 3077 515 3154 solemnium
540 3099 688 3175 operum
708 3076 970 3171 absolutionem

113 3180 172 3254 nis·
189 3177 394 3253 hominibus
417 3177 585 3252 omnibus
606 3190 838 3274 anteponunt,
889 3174 970 3252 Au·
1053 3228 1058 3244 ·

112 3277 247 3354 buntne
267 3277 362 3352 enim
384 3275 416 3350 Ε
440 3276 580 3363 icurus,
606 3275 643 3352 ὅ(
665 3275 893 3352 Democritus
915 3275 993 3350 di·.

113 3398 166 3465 re,
195 3373 383 3450 molestum
415 3375 484 3464 tbi,
516 3389 625 3471 atque
643 3376 794 3451 invisum
814 3373 970 3474 philoso-

113 3475 198 3552 andi
215 3471 374 3572 munus?
397 3473 475 3548 lmo
491 3496 565 3549 non
581 3474 691 3553 aliam
708 3474 864 3572 profecto
883 3474 969 3549 huic

113 3576 175 3652 imi
191 3572 413 3669 voluptatem
429 3586 674 3670 anteponant3
706 3573 767 3649 etsi
786 3576 882 3649 enim
904 3574 968 3648 bo·

113 3696 154 3752 m
176 3671 402 3776 voluptatem
422 3694 573 3852 omufinlr²
595 3671 669 3778 else
682 3671 861 3769 llatuunt,
896 3672 969 3757 ‚hoo
1097 3745 1100 3749 .

131 3814 134 3819 ¹
363 3853 365 3857 .
596 3788 625 3853 α
725 3834 728 3841 ·
884 3783 968 3863 „w
