<?xml version="1.0" encoding="UTF-8"?>
<!DOCTYPE html PUBLIC "-//W3C//DTD XHTML 1.0 Transitional//EN"
    "http://www.w3.org/TR/xhtml1/DTD/xhtml1-transitional.dtd">
<html xmlns="http://www.w3.org/1999/xhtml" xml:lang="en" lang="en">
 <head>
  <title>
</title>
<meta http-equiv="Content-Type" content="text/html;charset=utf-8" />
  <meta name='ocr-system' content='tesseract 3.04.00' />
  <meta name='ocr-capabilities' content='ocr_page ocr_carea ocr_par ocr_line ocrx_word'/>
</head>
<body>
  <div class='ocr_page' id='page_1' title='image "./analysisoperums02schrgoog/analysisoperums02schrgoog_0410.png"; bbox 0 0 2430 4366; ppageno 0'>
   <div class='ocr_carea' id='block_1_1' title="bbox 140 144 1125 351">
    <p class='ocr_par' dir='ltr' id='par_1_1' title="bbox 140 144 1125 376">
     <span class='ocr_line' id='line_1_1' title="bbox 140 144 1125 351; baseline 0.002 -30"><span class='ocrx_word' id='word_1_1' title='bbox 140 164 855 346; x_wconf 54' lang='lat' dir='ltr'>&amp;absumorassumor</span> <span class='ocrx_word' id='word_1_2' title='bbox 884 254 972 351; x_wconf 77' lang='lat'>371</span> <span class='ocrx_word' id='word_1_3' title='bbox 1045 311 1049 320; x_wconf 88' lang='grc'><em>,</em></span> <span class='ocrx_word' id='word_1_4' title='bbox 1119 144 1125 163; x_wconf 90' lang='lat'><strong>·</strong></span> 
     </span>
    </p>
   </div>
   <div class='ocr_carea' id='block_1_2' title="bbox 97 412 1167 1608">
    <p class='ocr_par' dir='ltr' id='par_1_2' title="bbox 97 412 1167 1391">
     <span class='ocr_line' id='line_1_2' title="bbox 97 412 971 525; baseline -0.001 -32"><span class='ocrx_word' id='word_1_5' title='bbox 97 436 133 493; x_wconf 80' lang='lat' dir='ltr'>rs</span> <span class='ocrx_word' id='word_1_6' title='bbox 146 412 395 515; x_wconf 63' lang='lat' dir='ltr'>eipleremum</span> <span class='ocrx_word' id='word_1_7' title='bbox 423 413 464 492; x_wconf 82' lang='lat' dir='ltr'>da</span> <span class='ocrx_word' id='word_1_8' title='bbox 481 415 593 493; x_wconf 86' lang='lat' dir='ltr'>animi</span> <span class='ocrx_word' id='word_1_9' title='bbox 606 416 712 494; x_wconf 88' lang='lat' dir='ltr'>bonis</span> <span class='ocrx_word' id='word_1_10' title='bbox 733 415 875 525; x_wconf 71' lang='lat' dir='ltr'>affatim</span> <span class='ocrx_word' id='word_1_11' title='bbox 891 439 971 515; x_wconf 87' lang='lat' dir='ltr'>per·</span> 
     </span>
     <span class='ocr_line' id='line_1_3' title="bbox 97 517 973 612; baseline -0.002 -17"><span class='ocrx_word' id='word_1_12' title='bbox 97 535 284 603; x_wconf 66' lang='lat' dir='ltr'>memor,</span> <span class='ocrx_word' id='word_1_13' title='bbox 318 527 428 610; x_wconf 84' lang='lat' dir='ltr'>atquc</span> <span class='ocrx_word' id='word_1_14' title='bbox 451 527 494 590; x_wconf 89' lang='lat' dir='ltr'>ut</span> <span class='ocrx_word' id='word_1_15' title='bbox 517 517 643 612; x_wconf 81' lang='lat' dir='ltr'>paucis</span> <span class='ocrx_word' id='word_1_16' title='bbox 668 517 809 605; x_wconf 89' lang='lat' dir='ltr'>dicam,</span> <span class='ocrx_word' id='word_1_17' title='bbox 842 517 973 593; x_wconf 80' lang='lat' dir='ltr'>hortus</span> 
     </span>
     <span class='ocr_line' id='line_1_4' title="bbox 97 613 1047 714; baseline 0 -21"><span class='ocrx_word' id='word_1_18' title='bbox 97 616 211 693; x_wconf 78' lang='lat' dir='ltr'>uidam</span> <span class='ocrx_word' id='word_1_19' title='bbox 224 613 330 690; x_wconf 91' lang='lat' dir='ltr'>nobis</span> <span class='ocrx_word' id='word_1_20' title='bbox 348 629 584 701; x_wconf 73' lang='lat' dir='ltr'>reversaret,</span> <span class='ocrx_word' id='word_1_21' title='bbox 609 616 735 710; x_wconf 84' lang='lat' dir='ltr'>magni</span> <span class='ocrx_word' id='word_1_22' title='bbox 753 616 852 692; x_wconf 91' lang='lat' dir='ltr'>illius</span> <span class='ocrx_word' id='word_1_23' title='bbox 868 638 973 714; x_wconf 84' lang='lat' dir='ltr'>para·</span> <span class='ocrx_word' id='word_1_24' title='bbox 1046 616 1047 621; x_wconf 62' lang='lat'>‘</span> 
     </span>
     <span class='ocr_line' id='line_1_5' title="bbox 97 711 971 814; baseline 0.001 -23"><span class='ocrx_word' id='word_1_25' title='bbox 97 714 127 791; x_wconf 88' lang='lat' dir='ltr'>li</span> <span class='ocrx_word' id='word_1_26' title='bbox 146 715 216 791; x_wconf 83' lang='lat' dir='ltr'>Dei</span> <span class='ocrx_word' id='word_1_27' title='bbox 236 711 506 791; x_wconf 79' lang='lat' dir='ltr'>similitudinem</span> <span class='ocrx_word' id='word_1_28' title='bbox 526 712 710 800; x_wconf 84' lang='lat' dir='ltr'>referens,</span> <span class='ocrx_word' id='word_1_29' title='bbox 741 716 781 790; x_wconf 91' lang='lat' dir='ltr'>in</span> <span class='ocrx_word' id='word_1_30' title='bbox 803 739 876 814; x_wconf 92' lang='lat' dir='ltr'>quo</span> <span class='ocrx_word' id='word_1_31' title='bbox 896 740 971 793; x_wconf 90' lang='lat' dir='ltr'>nou</span> 
     </span>
     <span class='ocr_line' id='line_1_6' title="bbox 97 810 970 911; baseline 0.002 -23"><span class='ocrx_word' id='word_1_32' title='bbox 97 810 195 889; x_wconf 83' lang='lat' dir='ltr'>rrani</span> <span class='ocrx_word' id='word_1_33' title='bbox 215 813 360 911; x_wconf 88' lang='lat' dir='ltr'>quidem</span> <span class='ocrx_word' id='word_1_34' title='bbox 382 811 502 887; x_wconf 88' lang='lat' dir='ltr'>colere</span> <span class='ocrx_word' id='word_1_35' title='bbox 523 813 618 889; x_wconf 84' lang='lat' dir='ltr'>hanc</span> <span class='ocrx_word' id='word_1_36' title='bbox 638 812 868 901; x_wconf 87' lang='lat' dir='ltr'>inferiorem,</span> <span class='ocrx_word' id='word_1_37' title='bbox 901 830 970 906; x_wconf 76' lang='lat' dir='ltr'>nee</span> 
     </span>
     <span class='ocr_line' id='line_1_7' title="bbox 97 911 1167 1030; baseline -0.004 -43"><span class='ocrx_word' id='word_1_38' title='bbox 97 913 224 1030; x_wconf 61' lang='lat' dir='ltr'>arpotis</span> <span class='ocrx_word' id='word_1_39' title='bbox 238 911 422 988; x_wconf 77' lang='lat' dir='ltr'>alimentis</span> <span class='ocrx_word' id='word_1_40' title='bbox 437 912 686 1026; x_wconf 77' lang='lat' dir='ltr'>pinguescere,</span> <span class='ocrx_word' id='word_1_41' title='bbox 712 912 774 989; x_wconf 89' lang='lat' dir='ltr'>sed</span> <span class='ocrx_word' id='word_1_42' title='bbox 787 914 879 989; x_wconf 84' lang='lat' dir='ltr'>solas</span> <span class='ocrx_word' id='word_1_43' title='bbox 895 915 974 990; x_wconf 90' lang='lat' dir='ltr'>ani·</span> <span class='ocrx_word' id='word_1_44' title='bbox 1135 1013 1141 1029; x_wconf 27' lang='grc' dir='ltr'><em>Ι</em></span> <span class='ocrx_word' id='word_1_45' title='bbox 1161 976 1167 983; x_wconf 91' lang='grc'><em>,</em></span> 
     </span>
     <span class='ocr_line' id='line_1_8' title="bbox 97 1009 1091 1225; baseline 0.008 -38"><span class='ocrx_word' id='word_1_46' title='bbox 97 1009 785 1225; x_wconf 59' lang='lat' dir='ltr'>lzplzrrlsslflribblbiu</span> <span class='ocrx_word' id='word_1_47' title='bbox 800 1016 972 1189; x_wconf 57' lang='lat' dir='ltr'>{libs</span> <span class='ocrx_word' id='word_1_48' title='bbox 1088 1184 1091 1195; x_wconf 88' lang='lat'>.</span> 
     </span>
     <span class='ocr_line' id='line_1_9' title="bbox 97 1208 973 1391; baseline 0.002 -104"><span class='ocrx_word' id='word_1_49' title='bbox 97 1210 342 1391; x_wconf 55' lang='lat' dir='ltr'>listooeellom</span> <span class='ocrx_word' id='word_1_50' title='bbox 354 1208 477 1287; x_wconf 80' lang='lat' dir='ltr'>inlitas</span> <span class='ocrx_word' id='word_1_51' title='bbox 492 1232 625 1308; x_wconf 77' lang='lat' dir='ltr'>augere</span> <span class='ocrx_word' id='word_1_52' title='bbox 641 1233 726 1288; x_wconf 89' lang='lat' dir='ltr'>cum</span> <span class='ocrx_word' id='word_1_53' title='bbox 740 1210 871 1289; x_wconf 81' lang='lat' dir='ltr'>laetitia</span> <span class='ocrx_word' id='word_1_54' title='bbox 885 1237 973 1289; x_wconf 87' lang='lat' dir='ltr'>con·</span> 
     </span>
    </p>

    <p class='ocr_par' dir='ltr' id='par_1_3' title="bbox 97 1334 273 1388">
     <span class='ocr_line' id='line_1_10' title="bbox 97 1334 273 1388; baseline 0.011 -3"><span class='ocrx_word' id='word_1_55' title='bbox 97 1334 194 1388; x_wconf 73' lang='lat' dir='ltr'>eum</span> <span class='ocrx_word' id='word_1_56' title='bbox 263 1367 273 1386; x_wconf 93' lang='lat'><strong><em>.</em></strong></span> 
     </span>
    </p>

    <p class='ocr_par' dir='ltr' id='par_1_4' title="bbox 97 1404 1118 1608">
     <span class='ocr_line' id='line_1_11' title="bbox 108 1404 1109 1510; baseline 0 -21"><span class='ocrx_word' id='word_1_57' title='bbox 108 1416 170 1506; x_wconf 77' lang='lat'>153.</span> <span class='ocrx_word' id='word_1_58' title='bbox 207 1409 309 1499; x_wconf 84' lang='lat' dir='ltr'>„Hie</span> <span class='ocrx_word' id='word_1_59' title='bbox 331 1429 416 1486; x_wconf 87' lang='lat' dir='ltr'>vere</span> <span class='ocrx_word' id='word_1_60' title='bbox 441 1404 624 1509; x_wconf 79' lang='lat' dir='ltr'>paradisus</span> <span class='ocrx_word' id='word_1_61' title='bbox 649 1408 878 1508; x_wconf 80' lang='lat' dir='ltr'>voluptatis,</span> <span class='ocrx_word' id='word_1_62' title='bbox 911 1407 971 1487; x_wconf 85' lang='lat' dir='ltr'>hae</span> <span class='ocrx_word' id='word_1_63' title='bbox 991 1418 1109 1510; x_wconf 67' lang='lat' dir='ltr'>Grego-</span> 
     </span>
     <span class='ocr_line' id='line_1_12' title="bbox 97 1507 1118 1608; baseline -0.002 -21"><span class='ocrx_word' id='word_1_64' title='bbox 97 1531 160 1587; x_wconf 64' lang='grc' dir='ltr'>πε</span> <span class='ocrx_word' id='word_1_65' title='bbox 173 1508 338 1600; x_wconf 80' lang='lat' dir='ltr'>deliciae,</span> <span class='ocrx_word' id='word_1_66' title='bbox 361 1509 493 1608; x_wconf 89' lang='lat' dir='ltr'>quibus</span> <span class='ocrx_word' id='word_1_67' title='bbox 510 1507 631 1607; x_wconf 85' lang='lat' dir='ltr'>elapso</span> <span class='ocrx_word' id='word_1_68' title='bbox 644 1507 715 1585; x_wconf 88' lang='lat' dir='ltr'>hoc</span> <span class='ocrx_word' id='word_1_69' title='bbox 727 1523 896 1607; x_wconf 86' lang='lat' dir='ltr'>tempore.</span> <span class='ocrx_word' id='word_1_70' title='bbox 906 1509 969 1585; x_wconf 93' lang='lat' dir='ltr'>ob·</span> <span class='ocrx_word' id='word_1_71' title='bbox 986 1510 1053 1570; x_wconf 79' lang='lat' dir='ltr'>rios</span> <span class='ocrx_word' id='word_1_72' title='bbox 1068 1509 1118 1574; x_wconf 79' lang='lat' dir='ltr'>di-</span> 
     </span>
    </p>
   </div>
   <div class='ocr_carea' id='block_1_3' title="bbox 97 1587 1162 1757">
    <p class='ocr_par' dir='ltr' id='par_1_5' title="bbox 97 1587 1162 1757">
     <span class='ocr_line' id='line_1_13' title="bbox 97 1587 1162 1757; baseline -0.001 -72"><span class='ocrx_word' id='word_1_73' title='bbox 97 1609 184 1686; x_wconf 73' lang='lat' dir='ltr'>uati</span> <span class='ocrx_word' id='word_1_74' title='bbox 210 1607 350 1697; x_wconf 86' lang='lat' dir='ltr'>sumus,</span> <span class='ocrx_word' id='word_1_75' title='bbox 383 1620 424 1684; x_wconf 92' lang='lat' dir='ltr'>at</span> <span class='ocrx_word' id='word_1_76' title='bbox 444 1608 601 1704; x_wconf 86' lang='lat' dir='ltr'>exiguo,</span> <span class='ocrx_word' id='word_1_77' title='bbox 628 1606 883 1687; x_wconf 60' lang='lat' dir='ltr'>srnobis‘hine</span> <span class='ocrx_word' id='word_1_78' title='bbox 903 1587 1129 1757; x_wconf 54' lang='lat' dir='ltr'>mi&#39;fflznd.</span> <span class='ocrx_word' id='word_1_79' title='bbox 1157 1624 1162 1638; x_wconf 86' lang='lat'><strong>·</strong></span> 
     </span>
    </p>
   </div>
   <div class='ocr_carea' id='block_1_4' title="bbox 97 1706 1148 1835">
    <p class='ocr_par' dir='ltr' id='par_1_6' title="bbox 97 1706 1148 1835">
     <span class='ocr_line' id='line_1_14' title="bbox 97 1706 1148 1835; baseline 0.022 -50"><span class='ocrx_word' id='word_1_80' title='bbox 97 1711 250 1787; x_wconf 78' lang='lat' dir='ltr'>antibus</span> <span class='ocrx_word' id='word_1_81' title='bbox 274 1707 359 1783; x_wconf 83' lang='lat' dir='ltr'>finis</span> <span class='ocrx_word' id='word_1_82' title='bbox 375 1709 445 1785; x_wconf 18' lang='lat' dir='ltr'>*hic</span> <span class='ocrx_word' id='word_1_83' title='bbox 469 1709 560 1802; x_wconf 89' lang='lat' dir='ltr'>erit;</span> <span class='ocrx_word' id='word_1_84' title='bbox 597 1706 716 1784; x_wconf 86' lang='lat' dir='ltr'>nescio</span> <span class='ocrx_word' id='word_1_85' title='bbox 740 1710 863 1791; x_wconf 80' lang='lat' dir='ltr'>enim.</span> <span class='ocrx_word' id='word_1_86' title='bbox 898 1724 970 1807; x_wconf 76' lang='lat'>(1110</span> <span class='ocrx_word' id='word_1_87' title='bbox 986 1773 1148 1835; x_wconf 55' lang='lat' dir='ltr'>mm</span> 
     </span>
    </p>
   </div>
   <div class='ocr_carea' id='block_1_5' title="bbox 97 1802 1142 3887">
    <p class='ocr_par' dir='ltr' id='par_1_7' title="bbox 97 1802 1142 3874">
     <span class='ocr_line' id='line_1_15' title="bbox 97 1802 972 1906; baseline -0.002 -19"><span class='ocrx_word' id='word_1_88' title='bbox 97 1802 146 1887; x_wconf 72' lang='lat' dir='ltr'>eo</span> <span class='ocrx_word' id='word_1_89' title='bbox 162 1807 383 1894; x_wconf 85' lang='lat' dir='ltr'>infortunio,</span> <span class='ocrx_word' id='word_1_90' title='bbox 409 1820 473 1883; x_wconf 89' lang='lat' dir='ltr'>aut</span> <span class='ocrx_word' id='word_1_91' title='bbox 490 1816 639 1906; x_wconf 78' lang='lat' dir='ltr'>peccato</span> <span class='ocrx_word' id='word_1_92' title='bbox 659 1810 792 1884; x_wconf 91' lang='lat' dir='ltr'>itemm</span> <span class='ocrx_word' id='word_1_93' title='bbox 807 1807 972 1899; x_wconf 75' lang='lat' dir='ltr'><strong>discedo,</strong></span> 
     </span>
     <span class='ocr_line' id='line_1_16' title="bbox 97 1905 1142 2007; baseline 0.003 -25"><span class='ocrx_word' id='word_1_94' title='bbox 97 1908 247 2007; x_wconf 85' lang='lat' dir='ltr'>rpellor:</span> <span class='ocrx_word' id='word_1_95' title='bbox 272 1905 360 2005; x_wconf 92' lang='lat' dir='ltr'>quid</span> <span class='ocrx_word' id='word_1_96' title='bbox 374 1907 514 1994; x_wconf 86' lang='lat' dir='ltr'>dicam,</span> <span class='ocrx_word' id='word_1_97' title='bbox 539 1905 670 1996; x_wconf 90' lang='lat' dir='ltr'>nescio,</span> <span class='ocrx_word' id='word_1_98' title='bbox 696 1907 760 1984; x_wconf 80' lang='lat' dir='ltr'>nisu</span> <span class='ocrx_word' id='word_1_99' title='bbox 775 1908 872 2005; x_wconf 90' lang='lat' dir='ltr'>quod</span> <span class='ocrx_word' id='word_1_100' title='bbox 885 1907 977 1985; x_wconf 78' lang='lat' dir='ltr'>sicut</span> <span class='ocrx_word' id='word_1_101' title='bbox 1090 1918 1093 1929; x_wconf 84' lang='grc'><strong>“</strong></span> <span class='ocrx_word' id='word_1_102' title='bbox 1137 1905 1142 1919; x_wconf 88' lang='grc'>’</span> 
     </span>
     <span class='ocr_line' id='line_1_17' title="bbox 97 2005 977 2107; baseline -0.001 -22"><span class='ocrx_word' id='word_1_103' title='bbox 97 2020 153 2085; x_wconf 76' lang='lat' dir='ltr'>ter</span> <span class='ocrx_word' id='word_1_104' title='bbox 171 2005 295 2084; x_wconf 86' lang='lat' dir='ltr'>Adam</span> <span class='ocrx_word' id='word_1_105' title='bbox 312 2019 417 2083; x_wconf 88' lang='lat' dir='ltr'>extra</span> <span class='ocrx_word' id='word_1_106' title='bbox 434 2007 638 2107; x_wconf 83' lang='lat' dir='ltr'>paradisum</span> <span class='ocrx_word' id='word_1_107' title='bbox 653 2008 755 2106; x_wconf 91' lang='lat' dir='ltr'>loqui</span> <span class='ocrx_word' id='word_1_108' title='bbox 769 2007 871 2104; x_wconf 83' lang='lat' dir='ltr'>eaepi.</span> <span class='ocrx_word' id='word_1_109' title='bbox 914 2006 977 2091; x_wconf 71' lang='lat' dir='ltr'>Fi-</span> 
     </span>
     <span class='ocr_line' id='line_1_18' title="bbox 97 2104 1095 2203; baseline 0.004 -19"><span class='ocrx_word' id='word_1_110' title='bbox 97 2128 153 2184; x_wconf 80' lang='lat' dir='ltr'>am</span> <span class='ocrx_word' id='word_1_111' title='bbox 184 2104 379 2203; x_wconf 84' lang='lat' dir='ltr'><strong>quemdam</strong></span> <span class='ocrx_word' id='word_1_112' title='bbox 400 2106 523 2181; x_wconf 85' lang='lat' dir='ltr'>ferunt</span> <span class='ocrx_word' id='word_1_113' title='bbox 543 2121 691 2203; x_wconf 86' lang='lat' dir='ltr'>accepta</span> <span class='ocrx_word' id='word_1_114' title='bbox 712 2130 735 2182; x_wconf 87' lang='lat' dir='ltr'>a</span> <span class='ocrx_word' id='word_1_115' title='bbox 754 2106 863 2183; x_wconf 75' lang='lat' dir='ltr'>Pane</span> <span class='ocrx_word' id='word_1_116' title='bbox 884 2104 978 2189; x_wconf 78' lang='lat' dir='ltr'>sorte</span> <span class='ocrx_word' id='word_1_117' title='bbox 1086 2154 1095 2163; x_wconf 87' lang='lat'><em>-</em></span> 
     </span>
     <span class='ocr_line' id='line_1_19' title="bbox 97 2204 979 2304; baseline 0.002 -23"><span class='ocrx_word' id='word_1_118' title='bbox 97 2206 232 2304; x_wconf 81' lang='lat' dir='ltr'>gitima</span> <span class='ocrx_word' id='word_1_119' title='bbox 263 2204 388 2302; x_wconf 89' lang='lat' dir='ltr'>sponte</span> <span class='ocrx_word' id='word_1_120' title='bbox 421 2205 482 2281; x_wconf 88' lang='lat' dir='ltr'>sua</span> <span class='ocrx_word' id='word_1_121' title='bbox 513 2206 678 2282; x_wconf 83' lang='lat' dir='ltr'>aPatris</span> <span class='ocrx_word' id='word_1_122' title='bbox 708 2204 887 2282; x_wconf 86' lang='lat' dir='ltr'>consortio</span> <span class='ocrx_word' id='word_1_123' title='bbox 913 2208 979 2283; x_wconf 91' lang='lat' dir='ltr'>ab·</span> 
     </span>
     <span class='ocr_line' id='line_1_20' title="bbox 97 2302 979 2404; baseline -0.002 -23"><span class='ocrx_word' id='word_1_124' title='bbox 97 2304 208 2381; x_wconf 83' lang='lat' dir='ltr'>effilie</span> <span class='ocrx_word' id='word_1_125' title='bbox 222 2305 260 2379; x_wconf 91' lang='lat' dir='ltr'>in</span> <span class='ocrx_word' id='word_1_126' title='bbox 279 2306 463 2400; x_wconf 84' lang='lat' dir='ltr'>regionem</span> <span class='ocrx_word' id='word_1_127' title='bbox 483 2302 740 2403; x_wconf 88' lang='lat' dir='ltr'>longinquam,</span> <span class='ocrx_word' id='word_1_128' title='bbox 774 2304 895 2402; x_wconf 91' lang='lat' dir='ltr'>ibique</span> <span class='ocrx_word' id='word_1_129' title='bbox 914 2329 979 2404; x_wconf 82' lang='lat' dir='ltr'>pa-</span> 
     </span>
     <span class='ocr_line' id='line_1_21' title="bbox 97 2402 980 2502; baseline 0.001 -21"><span class='ocrx_word' id='word_1_130' title='bbox 97 2422 192 2481; x_wconf 74' lang='lat' dir='ltr'>unas</span> <span class='ocrx_word' id='word_1_131' title='bbox 216 2402 410 2479; x_wconf 77' lang='lat' dir='ltr'>facultates</span> <span class='ocrx_word' id='word_1_132' title='bbox 438 2402 583 2502; x_wconf 88' lang='lat' dir='ltr'>penitus</span> <span class='ocrx_word' id='word_1_133' title='bbox 608 2403 796 2502; x_wconf 69' lang='lat' dir='ltr'>diffipaist,</span> <span class='ocrx_word' id='word_1_134' title='bbox 829 2404 980 2482; x_wconf 87' lang='lat' dir='ltr'>tandem</span> 
     </span>
     <span class='ocr_line' id='line_1_22' title="bbox 97 2504 992 2603; baseline 0.001 -23"><span class='ocrx_word' id='word_1_135' title='bbox 97 2504 150 2581; x_wconf 72' lang='lat' dir='ltr'>aro</span> <span class='ocrx_word' id='word_1_136' title='bbox 168 2525 295 2603; x_wconf 84' lang='lat' dir='ltr'>poenas</span> <span class='ocrx_word' id='word_1_137' title='bbox 310 2504 600 2602; x_wconf 75' lang='lat' dir='ltr'>intemperantiae</span> <span class='ocrx_word' id='word_1_138' title='bbox 612 2506 701 2581; x_wconf 84' lang='lat' dir='ltr'>vitae</span> <span class='ocrx_word' id='word_1_139' title='bbox 718 2505 807 2591; x_wconf 86' lang='lat' dir='ltr'>luit,</span> <span class='ocrx_word' id='word_1_140' title='bbox 833 2506 897 2601; x_wconf 89' lang='lat' dir='ltr'>qui</span> <span class='ocrx_word' id='word_1_141' title='bbox 912 2526 992 2600; x_wconf 87' lang='lat' dir='ltr'>pro·</span> 
     </span>
     <span class='ocr_line' id='line_1_23' title="bbox 97 2602 981 2702; baseline 0.001 -22"><span class='ocrx_word' id='word_1_142' title='bbox 97 2616 216 2680; x_wconf 70' lang='lat' dir='ltr'>iterna</span> <span class='ocrx_word' id='word_1_143' title='bbox 247 2602 370 2680; x_wconf 85' lang='lat' dir='ltr'>mensa</span> <span class='ocrx_word' id='word_1_144' title='bbox 404 2602 586 2701; x_wconf 87' lang='lat' dir='ltr'>splendida</span> <span class='ocrx_word' id='word_1_145' title='bbox 627 2605 794 2702; x_wconf 81' lang='lat' dir='ltr'>porcinas</span> <span class='ocrx_word' id='word_1_146' title='bbox 831 2602 981 2696; x_wconf 79' lang='lat' dir='ltr'>serviles</span> 
     </span>
     <span class='ocr_line' id='line_1_24' title="bbox 97 2702 1121 2799; baseline -0.006 -20"><span class='ocrx_word' id='word_1_147' title='bbox 97 2704 164 2788; x_wconf 79' lang='lat' dir='ltr'>bas</span> <span class='ocrx_word' id='word_1_148' title='bbox 180 2713 430 2779; x_wconf 88' lang='lat' dir='ltr'>commutarat.</span> <span class='ocrx_word' id='word_1_149' title='bbox 458 2702 546 2778; x_wconf 87' lang='lat' dir='ltr'>Tale</span> <span class='ocrx_word' id='word_1_150' title='bbox 561 2704 734 2799; x_wconf 79' lang='lat' dir='ltr'>quiddam</span> <span class='ocrx_word' id='word_1_151' title='bbox 749 2703 855 2778; x_wconf 89' lang='lat' dir='ltr'>uobis</span> <span class='ocrx_word' id='word_1_152' title='bbox 870 2725 982 2781; x_wconf 79' lang='lat' dir='ltr'>even.-</span> <span class='ocrx_word' id='word_1_153' title='bbox 1019 2730 1030 2751; x_wconf 54' lang='lat'><em>³</em></span> <span class='ocrx_word' id='word_1_154' title='bbox 1065 2717 1068 2721; x_wconf 84' lang='grc'><em>·</em></span> <span class='ocrx_word' id='word_1_155' title='bbox 1111 2740 1121 2773; x_wconf 59' lang='lat' dir='ltr'>s</span> 
     </span>
     <span class='ocr_line' id='line_1_25' title="bbox 97 2799 982 2900; baseline -0.001 -21"><span class='ocrx_word' id='word_1_156' title='bbox 97 2825 191 2879; x_wconf 79' lang='lat' dir='ltr'>rrum</span> <span class='ocrx_word' id='word_1_157' title='bbox 218 2801 483 2879; x_wconf 88' lang='lat' dir='ltr'>discedentibus</span> <span class='ocrx_word' id='word_1_158' title='bbox 508 2803 664 2879; x_wconf 88' lang='lat' dir='ltr'>videtur.</span> <span class='ocrx_word' id='word_1_159' title='bbox 718 2800 919 2900; x_wconf 72' lang='lat' dir='ltr'>Excipient⁴</span> <span class='ocrx_word' id='word_1_160' title='bbox 935 2799 982 2878; x_wconf 83' lang='lat' dir='ltr'>sr-</span> 
     </span>
     <span class='ocr_line' id='line_1_26' title="bbox 97 2899 982 2999; baseline 0.001 -22"><span class='ocrx_word' id='word_1_161' title='bbox 97 2902 216 2987; x_wconf 80' lang='lat' dir='ltr'>aidem</span> <span class='ocrx_word' id='word_1_162' title='bbox 234 2923 302 2979; x_wconf 88' lang='lat' dir='ltr'>nos</span> <span class='ocrx_word' id='word_1_163' title='bbox 323 2899 508 2981; x_wconf 81' lang='lat' dir='ltr'>tristiffima</span> <span class='ocrx_word' id='word_1_164' title='bbox 527 2903 670 2991; x_wconf 85' lang='lat' dir='ltr'>omnia,</span> <span class='ocrx_word' id='word_1_165' title='bbox 696 2902 814 2978; x_wconf 84' lang='lat' dir='ltr'>turbae</span> <span class='ocrx_word' id='word_1_166' title='bbox 831 2923 898 2999; x_wconf 88' lang='lat' dir='ltr'>pro</span> <span class='ocrx_word' id='word_1_167' title='bbox 914 2924 982 2999; x_wconf 83' lang='lat' dir='ltr'>pa·</span> 
     </span>
     <span class='ocr_line' id='line_1_27' title="bbox 97 2999 1061 3101; baseline -0.002 -25"><span class='ocrx_word' id='word_1_168' title='bbox 97 3022 131 3090; x_wconf 74' lang='lat' dir='ltr'>e,</span> <span class='ocrx_word' id='word_1_169' title='bbox 152 2999 191 3079; x_wconf 73' lang='lat' dir='ltr'>de</span> <span class='ocrx_word' id='word_1_170' title='bbox 207 3000 368 3096; x_wconf 82' lang='lat' dir='ltr'>inquieta</span> <span class='ocrx_word' id='word_1_171' title='bbox 385 3001 460 3085; x_wconf 78' lang='lat' dir='ltr'>vita</span> <span class='ocrx_word' id='word_1_172' title='bbox 476 3006 545 3099; x_wconf 77' lang='lat' dir='ltr'>pro¹</span> <span class='ocrx_word' id='word_1_173' title='bbox 556 2999 770 3098; x_wconf 85' lang='lat' dir='ltr'>tranquilla,</span> <span class='ocrx_word' id='word_1_174' title='bbox 793 3022 858 3101; x_wconf 90' lang='lat' dir='ltr'>pro</span> <span class='ocrx_word' id='word_1_175' title='bbox 874 2999 988 3096; x_wconf 8' lang='lat' dir='ltr'>liber-A</span> <span class='ocrx_word' id='word_1_176' title='bbox 1047 3074 1061 3100; x_wconf 31' lang='lat' dir='ltr'>x</span> 
     </span>
     <span class='ocr_line' id='line_1_28' title="bbox 97 3099 984 3196; baseline -0.001 -20"><span class='ocrx_word' id='word_1_177' title='bbox 97 3113 147 3177; x_wconf 77' lang='lat' dir='ltr'>rte</span> <span class='ocrx_word' id='word_1_178' title='bbox 167 3099 237 3176; x_wconf 84' lang='lat' dir='ltr'>hac</span> <span class='ocrx_word' id='word_1_179' title='bbox 257 3099 408 3177; x_wconf 83' lang='lat' dir='ltr'>servitus</span> <span class='ocrx_word' id='word_1_180' title='bbox 429 3101 569 3196; x_wconf 87' lang='lat' dir='ltr'>gravis,</span> <span class='ocrx_word' id='word_1_181' title='bbox 595 3124 638 3177; x_wconf 85' lang='lat' dir='ltr'>ac</span> <span class='ocrx_word' id='word_1_182' title='bbox 657 3101 818 3188; x_wconf 77' lang='lat' dir='ltr'>deliciae,</span> <span class='ocrx_word' id='word_1_183' title='bbox 847 3100 984 3176; x_wconf 89' lang='lat' dir='ltr'>otium·</span> 
     </span>
     <span class='ocr_line' id='line_1_29' title="bbox 97 3199 981 3297; baseline 0.003 -21"><span class='ocrx_word' id='word_1_184' title='bbox 97 3223 139 3276; x_wconf 88' lang='lat' dir='ltr'>ue</span> <span class='ocrx_word' id='word_1_185' title='bbox 165 3200 335 3297; x_wconf 73' lang='lat' dir='ltr'>deinceps</span> <span class='ocrx_word' id='word_1_186' title='bbox 357 3199 461 3275; x_wconf 91' lang='lat' dir='ltr'>nobis</span> <span class='ocrx_word' id='word_1_187' title='bbox 486 3200 532 3274; x_wconf 90' lang='lat' dir='ltr'>ad</span> <span class='ocrx_word' id='word_1_188' title='bbox 556 3199 707 3275; x_wconf 86' lang='lat' dir='ltr'>meliora</span> <span class='ocrx_word' id='word_1_189' title='bbox 731 3200 872 3276; x_wconf 91' lang='lat' dir='ltr'>nullum</span> <span class='ocrx_word' id='word_1_190' title='bbox 898 3199 981 3279; x_wconf 87' lang='lat' dir='ltr'>erit.</span> 
     </span>
     <span class='ocr_line' id='line_1_30' title="bbox 97 3297 984 3395; baseline -0.002 -18"><span class='ocrx_word' id='word_1_191' title='bbox 97 3297 200 3377; x_wconf 88' lang='lat' dir='ltr'>lostes</span> <span class='ocrx_word' id='word_1_192' title='bbox 220 3298 402 3394; x_wconf 90' lang='lat' dir='ltr'>quondam</span> <span class='ocrx_word' id='word_1_193' title='bbox 420 3297 543 3374; x_wconf 82' lang='lat' dir='ltr'>femnt</span> <span class='ocrx_word' id='word_1_194' title='bbox 562 3298 695 3374; x_wconf 85' lang='lat' dir='ltr'>sacram</span> <span class='ocrx_word' id='word_1_195' title='bbox 716 3299 902 3375; x_wconf 83' lang='lat' dir='ltr'>civitatem</span> <span class='ocrx_word' id='word_1_196' title='bbox 919 3320 984 3395; x_wconf 82' lang='lat' dir='ltr'>ag·</span> 
     </span>
     <span class='ocr_line' id='line_1_31' title="bbox 97 3394 984 3494; baseline 0.001 -22"><span class='ocrx_word' id='word_1_197' title='bbox 97 3398 215 3484; x_wconf 81' lang='lat' dir='ltr'>resins,</span> <span class='ocrx_word' id='word_1_198' title='bbox 233 3394 312 3494; x_wconf 86' lang='lat' dir='ltr'>ejus</span> <span class='ocrx_word' id='word_1_199' title='bbox 329 3395 467 3472; x_wconf 88' lang='lat' dir='ltr'>incolas</span> <span class='ocrx_word' id='word_1_200' title='bbox 483 3409 561 3472; x_wconf 89' lang='lat' dir='ltr'>tum</span> <span class='ocrx_word' id='word_1_201' title='bbox 577 3412 757 3486; x_wconf 86' lang='lat' dir='ltr'>cantores,</span> <span class='ocrx_word' id='word_1_202' title='bbox 774 3413 854 3474; x_wconf 92' lang='lat' dir='ltr'>tum</span> <span class='ocrx_word' id='word_1_203' title='bbox 863 3396 984 3474; x_wconf 85' lang='lat' dir='ltr'>Theo·</span> 
     </span>
     <span class='ocr_line' id='line_1_32' title="bbox 97 3495 983 3596; baseline 0.002 -26"><span class='ocrx_word' id='word_1_204' title='bbox 97 3516 176 3594; x_wconf 68' lang='lat' dir='ltr'>»gos</span> <span class='ocrx_word' id='word_1_205' title='bbox 206 3498 244 3572; x_wconf 91' lang='lat' dir='ltr'>in</span> <span class='ocrx_word' id='word_1_206' title='bbox 279 3495 522 3594; x_wconf 86' lang='lat' dir='ltr'>Babyloniam</span> <span class='ocrx_word' id='word_1_207' title='bbox 555 3498 719 3593; x_wconf 84' lang='lat' dir='ltr'>captivos</span> <span class='ocrx_word' id='word_1_208' title='bbox 754 3495 983 3596; x_wconf 67' lang='lat' dir='ltr'>perrunde,</span> 
     </span>
     <span class='ocr_line' id='line_1_33' title="bbox 97 3595 986 3693; baseline 0.001 -24"><span class='ocrx_word' id='word_1_209' title='bbox 97 3616 266 3684; x_wconf 87' lang='lat' dir='ltr'>osvero,</span> <span class='ocrx_word' id='word_1_210' title='bbox 292 3596 379 3671; x_wconf 92' lang='lat' dir='ltr'>dum</span> <span class='ocrx_word' id='word_1_211' title='bbox 396 3596 448 3672; x_wconf 89' lang='lat' dir='ltr'>ibi</span> <span class='ocrx_word' id='word_1_212' title='bbox 470 3595 737 3683; x_wconf 86' lang='lat' dir='ltr'>detinerentur,</span> <span class='ocrx_word' id='word_1_213' title='bbox 767 3620 813 3670; x_wconf 91' lang='lat' dir='ltr'>ne</span> <span class='ocrx_word' id='word_1_214' title='bbox 835 3607 986 3693; x_wconf 80' lang='lat' dir='ltr'>rogatos</span> 
     </span>
     <span class='ocr_line' id='line_1_34' title="bbox 97 3693 983 3874; baseline -0.001 -103"><span class='ocrx_word' id='word_1_215' title='bbox 97 3693 221 3775; x_wconf 85' lang='lat' dir='ltr'>uidem</span> <span class='ocrx_word' id='word_1_216' title='bbox 243 3714 267 3770; x_wconf 83' lang='lat' dir='ltr'>a</span> <span class='ocrx_word' id='word_1_217' title='bbox 288 3693 559 3874; x_wconf 62' lang='grc' dir='ltr'>ᾶοωίηαηῑίϋιᾸε</span> <span class='ocrx_word' id='word_1_218' title='bbox 582 3694 651 3769; x_wconf 87' lang='lat' dir='ltr'>Dei</span> <span class='ocrx_word' id='word_1_219' title='bbox 674 3694 806 3772; x_wconf 82' lang='lat' dir='ltr'>laudes</span> <span class='ocrx_word' id='word_1_220' title='bbox 833 3708 983 3773; x_wconf 83' lang='lat' dir='ltr'>cantare</span> 
     </span>
    </p>

    <p class='ocr_par' dir='ltr' id='par_1_8' title="bbox 564 3814 984 3887">
     <span class='ocr_line' id='line_1_35' title="bbox 564 3814 984 3887; baseline 0.002 -17"><span class='ocrx_word' id='word_1_221' title='bbox 564 3815 635 3873; x_wconf 78' lang='lat' dir='ltr'>aa</span> <span class='ocrx_word' id='word_1_222' title='bbox 891 3814 984 3887; x_wconf 74' lang='lat' dir='ltr'>„vo-</span> 
     </span>
    </p>
   </div>
   <div class='ocr_carea' id='block_1_6' title="bbox 0 0 1220 4366">
    <p class='ocr_par' dir='ltr' id='par_1_9' title="bbox 0 0 1220 4366">
     <span class='ocr_line' id='line_1_36' title="bbox 0 0 1220 4366; baseline 0 0"><span class='ocrx_word' id='word_1_223' title='bbox 0 0 1220 4366; x_wconf 95' lang='lat' dir='ltr'> </span> 
     </span>
    </p>
   </div>
  </div>
 </body>
</html>
