2430 4366
188 252 195 263 ·
235 157 246 197 ⁷
281 114 461 311 Operum
478 138 765 321 Fragmenta
894 124 982 312 3813,Ι
1005 136 1017 225 ”
1056 168 1089 237 7

103 401 150 457 nn
173 361 440 480 coagmentatio
460 381 559 460 sensu
579 382 682 461 omni
704 381 839 472 caruit,
872 381 981 465 indo·

103 481 173 568 rio,
197 504 241 557 ac
257 483 373 578 perito
389 481 528 561 artifice
542 504 632 580 opus
649 482 828 561 habuere:
852 482 878 560 st
896 496 978 563 tan·
1152 488 1176 535 ‘

103 602 178 655 ram
202 581 352 657 tationis
374 583 597 678 expertium,
612 606 734 659 -vacua
754 581 889 662 consilii
910 598 977 660 ne·

103 676 263 756 tlsrtatem
279 679 328 756 est
342 679 462 756 secuta
478 681 696 780 conjunctio:
714 682 880 782 sapientis
895 707 976 768 om·

103 803 155 854 no
171 777 318 878 palloris
338 804 450 858 manu
467 780 590 860 locum
613 784 651 858 in
670 804 784 859 unum
805 783 975 882 compelli

103 880 243 955 mucre:
280 879 487 978 srdeuique
511 880 634 980 suapte
658 881 781 979 sponte
805 884 974 960 volunta·
1039 901 1042 906 ’
1152 939 1155 952 .

103 1001 161 1055 um
182 979 236 1074 ad
252 1002 344 1078 opus
365 1002 589 1072 convenere,
621 981 844 1058 admirabilis
863 983 973 1081 plano

103 1077 279 1155 chitetlus
300 1078 402 1155 suum
425 1080 553 1179 cuique
573 1103 726 1169 munus,
752 1081 974 1181 pensumque

103 1176 262 1276 scripsit,
286 1191 351 1254 aut
369 1180 676 1276 quemadmodum
692 1180 827 1281 ordinie
843 1202 973 1257 amane

103 1290 265 1375 ipetator
289 1302 364 1353 non
391 1279 639 1377 perturbatum
664 1280 810 1378 reliquit
834 1282 973 1356 exercii

103 1400 163 1466 m,
195 1377 236 1453 at
255 1377 337 1453 loco
360 1376 422 1454 suo
442 1381 621 1476 equitem,
653 1379 885 1478 peditemque
906 1379 973 1457 suo
1045 1398 1050 1408 ·
1191 1408 1197 1435 ·

103 1475 250 1575 sposuit‚
283 1490 327 1554 ut
347 1475 470 1554 smilis
494 1491 689 1557 armaturae
710 1479 848 1557 milites
865 1478 970 1557 simul
1051 1554 1061 1583 N
1118 1528 1120 1535 ·

103 1584 172 1654 am
188 1600 316 1652 omnes
335 1577 559 1657 dimicarent.
609 1578 743 1668 Quodsi
762 1579 874 1668 dicis,
903 1604 970 1658 ne·

103 1700 132 1753 re
151 1701 308 1767 nomen,
340 1699 457 1776 neque
476 1677 654 1771 delettus,
678 1702 795 1779 neque
813 1679 973 1757 colloca·
1116 1767 1118 1772 ,

103 1778 169 1853 tin
192 1800 318 1854 earum
339 1776 409 1853 sese
430 1778 719 1857 moderationem
743 1778 898 1877 ingessit,
930 1793 974 1857 at

103 1875 222 1955 demet
239 1877 301 1953 suo
318 1876 484 1968 arbitrio,
514 1901 562 1952 ex
581 1879 698 1956 multa
717 1878 788 1955 sese
808 1880 975 1957 continui

103 1999 180 2054 xus
195 1978 300 2056 turba
315 1976 529 2076 colligentes
544 1976 677 2055 similes
693 1975 778 2055 eum
794 1977 973 2054 similibus

122 2092 394 2169 convenerunt,
419 2092 462 2155 ut
477 2090 601 2154 tamen
617 2103 691 2154 non
709 2079 821 2154 divini
837 2076 971 2154 Numi·

103 2199 110 2250 t
131 2176 281 2259 ,dullum
301 2174 433 2255 secutae
453 2176 540 2268 fint,
571 2177 631 2254 sed
648 2175 769 2277 potius
789 2201 872 2253 cum
890 2175 964 2253 'sese

103 2276 185 2355 'mes
204 2276 360 2365 nossent,
392 2279 565 2353 inunum
590 2277 687 2375 quast
712 2299 859 2373 gregem
879 2301 968 2353 con·
1103 2337 1112 2346 ,

103 2378 247 2454 xetint:
271 2398 329 2453 nae
345 2376 568 2455 admirabilis
585 2377 665 2453 haec
680 2389 885 2453 atomorum
903 2376 968 2452 de·

103 2478 234 2555 >cratia
254 2475 324 2565 est,
360 2476 424 2554 ubi
449 2477 578 2553 amicae
601 2478 738 2553 amicas
760 2476 965 2574 excipiant,

103 2600 179 2675 que
193 2577 358 2654 inunum
374 2575 598 2652 domicilium
615 2574 809 2653 convolent
822 2575 966 2650 univer-

106 2701 118 2753 :
139 2689 235 2755 ‘tunc
253 2688 362 2751 certae
380 2676 548 2772 quaedam
566 2675 662 2750 ultro
683 2675 722 2750 in
740 2674 851 2749 solem
873 2696 965 2773 quo·
1104 2684 1108 2691 “

103 2798 141 2852 m
163 2773 260 2872 quasi
278 2788 385 2851 torno
404 2775 665 2859 rotundentur‚
695 2773 778 2855 aliae
797 2774 835 2848 i'n
853 2770 966 2871 pluri·
1151 2784 1160 2801 ‘

103 2899 135 2951 ts
154 2873 308 2951 fortassis
329 2872 511 2953 stellarum
531 2873 735 2949 ardentium
757 2873 965 2971 pyramides

103 2988 263 3051 urentur.
325 2974 423 3051 Sane
450 2997 497 3049 ne
525 2974 631 3049 obvia
660 2971 806 3070 quidem
838 2970 964 3049 vident

103 3077 222 3151 mines
238 3073 450 3171 improvidi,
474 3085 616 3151 tantum
632 3070 740 3158 abest,
764 3084 806 3150 ut
820 3069 973 3148 occultu·

103 3174 277 3251 >videant
316 3172 451 3269 Utique
467 3186 567 3247 ratos
581 3171 667 3246 illos
681 3185 803 3259 ortus,
827 3169 990 3261 obitus„

103 3298 123 3349 e
148 3273 315 3370 syderum
336 3297 383 3348 ne
403 3270 610 3369 suspicando
630 3271 775 3367 quidem
796 3268 972 3373 videntur·

103 3375 241 3468 ingere.
268 3430 277 3449 .
300 3430 310 3449 .
336 3428 345 3449 .
398 3369 477 3450 Nec
496 3371 606 3446 etiarn
625 3370 777 3445 alteram
796 3368 965 3467 syderum

103 3472 300 3549 coitionem
320 3470 535 3556 attendunt,
572 3490 644 3567 qua
668 3468 847 3546 distintlas
872 3481 965 3543 tem·
1136 3564 1139 3569 Ι
1194 3563 1197 3569 ¹

103 3573 205 3649 [lates
230 3569 281 3646 sol
306 3566 439 3645 efficiat
464 3582 671 3646 atomorum
693 3566 840 3644 duflum
865 3565 964 3641 secu·
1100 3580 1116 3663 J
1150 3574 1158 3619 ⁴-

103 3695 123 3753 ι.
175 3667 305 3752 atomi
326 3670 458 3772 quippe
482 3667 783 3763 ilementum,
816 3661 1024 3769 ocaecii·
