2430 4366
163 172 167 177 -
328 224 442 317 iiber
457 230 503 315 de
517 225 658 343 Lopfis.
879 250 962 343 ros

104 434 133 488 n
146 409 274 491 :rimor
293 410 332 487 in
346 411 466 489 Deum
484 434 618 512 pronus
638 411 708 503 est,
740 410 780 491 ἀ
799 414 837 490 in
857 416 961 495 mina

104 524 139 587 et
158 514 309 589 animus
328 512 541 588 constitutus
557 511 645 589 mali
665 513 716 588 iui
736 535 876 589 memor
890 512 960 601 est,
1109 509 1113 515 ’

104 608 299 699 enitentes,
329 610 369 687 it
391 612 558 687 dolentes
575 620 723 709 peccata
746 612 858 687 vestra
879 632 961 711 per·
1125 640 1128 647 ·

104 708 201 799 cite,
239 732 308 785 nec
330 709 556 809 desperantes
580 709 858 787 misericordiam
886 710 963 787 Do·

104 808 166 899 ni,
203 832 276 886 nec
305 821 429 886 tamen
456 806 532 907 jam
557 813 701 887 veniam
726 811 962 909 vindicantes.

104 906 975 1108 t'ttffltifflinffitiittttit

104 1060 280 1183 r'oendus
309 1104 369 1183 est.
418 1060 537 1194 iiuem
562 1130 697 1203 magna
723 1106 962 1206 deliquimus,

104 1228 133 1281 rr
147 1206 339 1301 granditer
352 1204 562 1285 defleamus,
608 1204 720 1281 Orare
737 1215 879 1321 oportet
894 1205 965 1280 im·

104 1302 225 1395 nitur,
255 1304 352 1380 diem
375 1304 473 1381 luitn
495 1301 708 1401 transigere,
737 1304 872 1403 vigilii·
896 1326 963 1379 no·

103 1398 151 1491 ι’,
171 1402 218 1481 &
240 1402 387 1479 fletibus
406 1404 557 1493 dooere,
589 1402 665 1502 post
687 1402 823 1481 diaboli
842 1402 964 1483 cibum

103 1500 170 1579 rlle
184 1498 385 1603 jejunium,
407 1502 645 1601 eleemosynis
661 1502 867 1601 frequenter
883 1498 966 1575 infi-

103 1623 165 1679 ne:
204 1600 305 1699 qnod
323 1600 546 1681 adversarius
566 1600 773 1690 auferebat,
804 1598 967 1677 christun
1024 1694 1028 1707 Ι

103 1700 233 1799 cipiet,
257 1722 325 1777 nee
338 1701 452 1777 teneri
462 1698 560 1799 jam,
584 1724 653 1779 neo
665 1700 780 1777 amati
794 1698 968 1799 patrimo·

103 1824 159 1879 um
175 1800 309 1889 debet,
338 1822 411 1897 quo
427 1800 509 1897 quit
525 1800 564 1877 ἀ
583 1799 775 1901 deceptus,
798 1798 838 1875 ir
852 1796 967 1875 ristun

103 1900 123 1975 i
170 1898 237 1975 Ad
252 1898 477 1986 hoctantum
534 1898 686 1987 ofnerit,
710 1896 809 1995 quod
824 1918 968 1975 reman-

103 2026 115 2089 ·,
138 2010 184 2075 ut
199 1998 285 2075 inde
302 2000 451 2087 crimen,
473 1920 635 2099 fauna
648 1998 859 2083 redimatur,
883 2006 979 2109 cern·¹

103 2099 260 2175 romnis
273 2096 312 2174 in
326 2096 507 2175 medelam
519 2096 679 2173 vulneris
693 2106 873 2193 erogetur,
890 2116 969 2191 opr-

103 2197 296 2284 enostris,
322 2197 383 2293 qui
402 2197 448 2273 de
468 2197 572 2273 nobis
587 2195 812 2293 judicaturus
826 2192 875 2271 est
894 2194 970 2269 Do·

103 2300 204 2384 inus,
230 2298 437 2373 foeneretur.
487 2296 605 2371 Potest
624 2296 687 2371 ille
706 2293 971 2389 indulgentiam

103 2418 170 2485 re,
195 2396 412 2471 sententiam
437 2394 534 2470 suern
555 2393 667 2492 potest
689 2392 752 2468 ille
771 2390 971 2481 infleitere,

103 2496 275 2582 enitenti,
302 2495 486 2593 operanti,
520 2494 661 2590 roganti
681 2491 793 2591 potest
814 2490 972 2566 clemen·

103 2616 115 2668 r
141 2591 353 2691 ignoscere,
390 2593 502 2689 potest
533 2594 787 2688 inacceptum
815 2589 969 2675 referre,

102 2694 242 2791 idquid
264 2714 329 2791 pro
353 2692 486 2769 talibus
514 2688 552 2778 n,
577 2692 744 2788 petierint
768 2690 970 2785 Martyres,

117 2792 280 2869 iecerint
296 2792 531 2878 Sacerdotes,
561 2789 621 2866 vel
640 2787 665 2864 fi
686 2788 767 2885 quis
787 2785 868 2884 plus
886 2808 971 2860 eum

102 2890 454 2979 issatisfattionibus
468 2888 642 2977 moverit,
666 2885 705 2964 ἂ
719 2885 780 2983 qui
796 2886 972 2983 poeniten·
1036 2894 1040 2901 '

102 3018 106 3063 ι
124 2990 219 3065 raet
237 2988 309 3079 sui,
334 2989 416 3087 plus
434 2988 471 3064 δι
490 2987 654 3077 virtutis,
678 2982 717 3062 δι
735 2983 820 3059 fidei
836 2985 881 3059 de
897 2981 972 3083 ipso

102 3089 181 3186 rsus
209 3088 264 3164 sui
288 3088 412 3163 dolore
437 3088 662 3183 conceperit,
689 3084 903 3171 exauditus,
935 3079 974 3161 δι

102 3190 214 3287 jutus
236 3211 258 3263 a
277 3188 452 3275 Domino,
485 3208 596 3282 quam
619 3181 886 3277 contristaverat
906 3202 975 3254 nu-

102 3310 145 3378 r,
169 3288 300 3363 laetam
319 3287 429 3363 faciet
447 3282 662 3372 Ecclefiam,
686 3305 753 3357 nec
768 3278 845 3379 iam
861 3278 976 3364 solem

102 3388 129 3471 ei
148 3386 300 3469 veniam
316 3384 530 3472 merebitur,
553 3382 613 3463 sed
628 3403 812 3465 coronam.
