2430 4366
259 186 345 301 360
407 178 481 271 ⁴8.
493 151 685 294 Gregorii
703 174 1001 294 'lboamairergi
1022 160 1054 239 ’Ἦ

254 368 444 463 „Verbum
462 368 599 455 existit,
633 366 750 443 noster
769 388 856 443 vero
873 366 935 442 hic
955 366 1074 441 sermo
1089 361 1177 445 'sacro
1211 397 1213 414 ·

256 469 370 562 „huic
392 468 482 545 Viro
504 469 568 543 uni
593 468 688 565 inter
711 488 839 542 ornnes
863 464 1042 543 mortales
1066 466 1177 562 potid-
1205 424 1215 512 f

256 591 385 661 „mum
409 565 662 643 eucharisticus
682 565 771 640 esto:
808 588 851 641 ac
875 563 991 662 siquid
1015 564 1176 645 altiusdo
1203 526 1215 618 Ε

224 658 228 682 ’
257 669 351 758 „iis,
377 668 530 764 quinon
552 677 767 752 cernuntur,
789 663 1050 751 divinioribus,
1074 663 1113 740 dt
1128 664 1179 741 bo-

256 768 424 860 „minum
449 788 574 845 curam
596 766 804 863 gerentibus
825 763 925 863 ioqui
949 763 1083 851 velim,
1112 763 1177 842 huic

241 868 415 959 ·‚‚etiam‚
441 867 504 962 qui
519 888 618 943 mea
637 888 749 963 puero
768 863 968 960 regendum
989 861 1179 943 sortituseb
1203 827 1215 916 Ε

257 964 381 1057 „sacer
397 963 562 1063 Angelus
581 965 667 1052 Dei,
694 965 776 1066 qui,
802 987 886 1039 curn
906 965 945 1039 io
968 963 1102 1040 ceteris
1117 988 1178 1041 om·
1203 928 1215 1012 Ε

256 1066 390 1158 „nibus
406 1065 524 1141 bonus
538 1064 674 1162 semper
689 1076 833 1141 curator
844 1087 951 1140 meus
963 1060 1090 1149 suerit,
1106 1084 1180 1161 pre·
1206 1083 1215 1119 t

255 1179 339 1258 „ter
355 1164 427 1240 alia
447 1164 569 1239 omnia
587 1162 755 1261 conjungi
774 1187 834 1238 me
849 1186 931 1239 cum
947 1161 1020 1237 hoc
1038 1163 1181 1251 virm&

255 1287 367 1359 „curu
384 1287 428 1337 eo
446 1262 575 1340 versari
590 1263 697 1355 fecit,
723 1264 821 1339 hunc
841 1262 954 1363 ipsum
975 1261 1068 1338 mihi
1088 1264 1183 1360 apri·
1208 1223 1215 1316 ἶ

255 1387 346 1457 „mo
361 1374 465 1453 ortu,
497 1360 769 1441 &educatione
792 1362 967 1439 divinitus
986 1382 1183 1459 procurant
1211 1326 1215 1416 ⁴

256 1464 450 1560 „Quonam
473 1474 598 1541 autem
617 1462 720 1561 patio
746 1463 913 1560 quamvis
933 1461 1057 1538 multa
1079 1458 1187 1557 passm

257 1564 495 1663 „praeteriens
514 1585 630 1669 pauca
648 1562 852 1647 summatim
871 1561 1005 1643 referre
1024 1557 1174 1645 velims·

72 1761 221 1851 Gregorii

68 1853 133 1916 vito
145 1868 240 1935 osqm

67 1932 112 1999 ad
127 1935 237 2019 onge-

67 2016 216 2101 nisdrsci-
238 2069 241 2075 .

62 2095 210 2191 rusam

332 1780 366 1854 3.
395 1759 544 1847 „Prima
559 1759 658 1835 enirn
674 1759 844 1837 educatio
868 1756 915 1833 cb
934 1768 1020 1835 ortu
1041 1754 1123 1856 ipso
1139 1755 1190 1837 sub

257 1871 474 1955 „parentum
490 1880 576 1936 cura
594 1860 683 1949 suit,
709 1859 747 1939 dc
770 1859 876 1958 patrii
894 1879 1017 1935 mores
1037 1858 1192 1951 erronei,

257 1980 306 2048 „a
325 1958 457 2054 quibus
475 1956 668 2035 liberatum
688 1958 733 2036 iri
752 1982 834 2047 me,
867 1978 985 2059 neque
1006 1956 1104 2033 mibi
1123 1957 1193 2055 spot

256 2056 358 2148 „ulla
373 2071 453 2137 erat
473 2080 584 2153 puero
603 2058 724 2135 adhuc
741 2057 780 2135 dr
803 2057 954 2133 rationis
972 2056 1123 2155 experti
1141 2056 1193 2137 sub

256 2170 386 2254 „patre
413 2154 657 2253 superstitioso.
708 2157 877 2234 Secunda
902 2156 1038 2233 deinde
1064 2154 1117 2231 est
1136 2178 1190 2255 pr·

256 2258 351 2348 „tris
376 2255 532 2345 amissio,
571 2279 654 2353 quae
678 2256 769 2333 mihi
792 2256 934 2331 sortasse
957 2254 1187 2352 cognoscendi

255 2355 359 2447 „veri
375 2354 520 2432 initium
536 2354 624 2448 suit;
649 2367 736 2431 tunc
753 2356 849 2431 enim
867 2356 1026 2453 primum
1044 2355 1094 2431 ad
1112 2353 1190 2431 rnu-

255 2466 383 2545 „tare,
408 2476 606 2553 verumque
627 2454 787 2532 Verbum
810 2455 952 2542 transii,
983 2454 1189 2551 nescioquo

235 2552 406 2653 ¹,‚pasto,
441 2553 632 2635 coatiusne
650 2554 790 2651 potius,
823 2578 870 2629 an
893 2554 1049 2648 volens;
1084 2554 1189 2650 quod·

255 2676 370 2741 „nam
391 2652 489 2732 enirn
509 2653 686 2751 judicium
707 2654 798 2729 mibi
816 2666 895 2731 erat
918 2655 1185 2751 quatuordecim
1209 2650 1215 2786 g

255 2752 531 2841 „annosnato‘s
570 2752 696 2833 Visum
722 2752 770 2828 esi
790 2766 911 2829 autem
931 2755 985 2840 ei,
1021 2775 1107 2850 quae
1125 2751 1182 2831 soir
1209 2792 1215 2823 2

255 2873 330 2938 „ex
350 2851 559 2948 parentibus
579 2851 749 2950 superstes
771 2876 896 2928 curam
921 2850 1031 2931 nostri
1049 2854 1182 2948 gerebat

236 2951 411 3038 ·„matri‚
442 2961 484 3025 ut
498 2952 580 3026 aliis
598 2952 759 3029 imbutus
775 2951 911 3039 literis,
944 2952 1077 3049 quibus
1097 2954 1181 3051 pueri

130 3065 132 3071 ’
255 3046 399 3137 „solent
429 3075 502 3128 non
532 3050 677 3128 obscure
708 3052 808 3139 nati,
848 3062 913 3128 aut
941 3052 1113 3140 educati,
1146 3051 1209 3127 od¹

254 3147 481 3235 „Rhetorem
495 3151 605 3225 etiam
618 3151 887 3237 accederemus,
915 3149 1211 3247 tanquamRhe'

252 3257 381 3337 „tores
414 3246 537 3325 futuri.
589 3251 639 3325 Et
671 3251 820 3346 quidem
852 3249 1183 3346 frequentabamus,

253 3344 536 3444 „Rinroresque
555 3372 621 3424 nos
640 3349 739 3425 brevi
755 3349 899 3424 futuros
916 3349 1108 3437 dicebant,
1131 3351 1183 3447 qni

254 3444 334 3532 „ita
349 3444 569 3539 judicabant.
621 3448 694 3523 Sed
712 3450 864 3545 pervigil
879 3449 942 3524 ille
955 3449 1103 3525 divinus
1114 3450 1184 3527 Pae·

252 3542 466 3638 ‚3dagogus,
497 3568 676 3643 verusque
701 3548 857 3623 Curator
888 3572 955 3623 nec
989 3548 1185 3625 domesticis

253 3644 546 3751 ..cogitantibus
567 3671 636 3731 uec
651 3670 713 3737 me
728 3645 804 3757 ipso
819 3645 1043 3729 desiderante
1059 3648 1183 3762 adsuit.

823 3787 832 3807 a
1086 3769 1183 3842 „cul'
