2430 4366
271 51 343 116 Μ.
401 38 662 95 ’,ᾘιωιιανιιιυο
757 39 790 68 cn

694 39 756 90 uus
797 38 836 81 υ,
870 37 980 90 quam
1012 37 1214 67 wnuuunou

402 96 662 185 ,maerentibus
682 92 817 182 adesse,
849 116 960 191 quam
979 92 1147 168 ebrietati
1167 88 1194 164 st
1214 124 1215 127 ¹

285 206 306 258 .·
402 196 498 285 „bus
506 217 518 286 3
555 191 722 271 ficenim
747 216 805 267 res
831 192 1019 277 sehabet,
1056 189 1175 287 quod,

402 294 526 382 „huuc
540 293 627 368 vitae
646 291 754 368 finem
771 292 894 368 nauus
913 291 1041 377 fuerit,
1079 291 1125 364 de
1144 286 1203 362 his

402 393 524 482 „circa
547 391 581 465 se
602 391 705 477 sunt,
736 415 804 469 nec
823 393 973 478 timore,
1007 413 1075 465 nec
1100 386 1212 461 sollici

403 488 616 580 „efficiatum
654 518 690 591 4.
716 489 899 568 Consimili
917 490 1028 565 modo
1046 489 1098 562 ira
1118 486 1211 584 prud

404 590 482 680 „sui
498 589 721 688 praeferenda
738 589 787 665 eu
793 614 804 684 3
837 591 959 665 severa
977 589 1075 663 enim
1092 586 1215 662 vultu

335 724 344 742 ·
405 689 556 778 „tudine
574 691 696 767 anima
716 691 764 765 ad
779 689 935 776 nuum,
959 684 1215 781 honestumqu

166 836 171 843 -
291 838 341 862 ..
405 790 584 887 „ponitun
638 814 673 885 5.
706 787 764 865 Ac
796 788 994 886 sapientum
1026 785 1175 884 quidem

403 888 567 977 ‚‚tristitia
587 889 870 973 contrahuntur,
884 930 888 941 ·
903 885 1093 963 stultorum
1114 899 1215 959 aute

292 1041 302 1062 .
403 1011 500 1075 „mae
532 987 660 1064 laetitia
691 988 798 1063 elatae
829 985 1088 1064 diffunduntur.
1152 990 1189 1058 ό.

403 1080 547 1175 „multo
566 1088 684 1185 magis
704 1087 923 1184 optandum,
957 1083 1125 1182 sapientis
1147 1081 1213 1156 uni

360 1204 363 1211 '
404 1186 669 1284 „jurgationem
685 1188 870 1285 excipere,
895 1184 1135 1283 quamtotius
1152 1181 1215 1257 ch

230 1303 304 1375 J·
335 1331 345 1351 ·
403 1285 626 1384 „proborum
635 1287 861 1363 cantantium
873 1286 1074 1360 auditorem
1087 1281 1181 1356 fieri.

404 1382 585 1471 „lidomm
599 1387 732 1461 etenim
748 1386 935 1461 hominum
950 1381 1038 1459 risus
1051 1381 1214 1479 spinaru

404 1494 554 1571 „tarum
560 1485 766 1562 vehementi
778 1488 861 1580 igne
876 1483 1080 1559 ardentium
1098 1480 1176 1555 soni

294 1639 302 1658 .
334 1636 343 1656 .
404 1581 602 1672 „absimilis
627 1585 686 1661 est.
740 1600 773 1670 8.
806 1584 880 1659 Sed
907 1580 1065 1679 profedo
1096 1581 1215 1676 gravi

405 1683 569 1773 „malum
595 1682 644 1759 est
669 1682 867 1775 calumnia3
900 1681 981 1759 haec
1011 1680 1108 1754 enim
1139 1678 1213 1776 sap‘

405 1783 621 1871 „animabus
637 1783 781 1859 insidias
795 1782 916 1869 struit,
941 1803 984 1858 ac
1000 1778 1213 1875 generosam

294 1930 301 1947 ·
333 1928 342 1949 ·
404 1904 513 1971 „rum
530 1882 763 1958 constantiam
780 1880 993 1958 labefaiiare
1009 1878 1168 1955 molitur.
1208 1913 1215 1944 ι

404 2001 472 2070 „ro
503 1994 626 2097 autem
656 1982 754 2057 hunc
787 1980 956 2057 laudibus
990 1976 1117 2053 efferre
1146 2001 1211 2079 ορ
