2430 4366
191 187 264 300 46*
525 179 785 298 ,S.,Cppriam‘
922 287 924 295 A
1004 142 1012 153 ¹⁴

37 395 56 469 ¹,
186 379 188 383 ’
268 364 408 456 „Porro
423 389 531 465 quarn
553 365 756 465 perversum
774 360 843 454 est,
873 373 936 452 ut,
961 384 1049 442 cum

188 471 344 561 ,minus
363 469 400 543 in
419 467 554 564 nuptiis
572 469 617 541 de
636 490 731 563 aqua
743 466 875 540 ‘vinum
895 465 1046 552 fecerit,

185 571 271 660 „de
286 570 370 643 vino
386 589 518 664 aquam
533 565 731 652 faciamus,
756 589 840 640 curn
858 563 1059 640 Sacramen

197 691 369 764 „quoque
386 670 438 741 rei
455 667 554 740 illius
571 666 740 740 instruere
759 687 827 738 nos
848 665 1004 751 debeat,
1040 686 1060 738 u

58 790 78 847 ·.
142 786 146 792 ·
199 767 404 859 ,ςίαοτίῆοίἰε
426 765 617 841 dominicis
638 767 761 840 vinum
781 763 904 861 potius
923 762 1060 857 *offerat

53 865 65 939 ι’
89 886 99 915 ‘
197 865 339 962 „Aqua
352 876 481 963 nempe
504 865 656 961 populos
678 863 871 959 fignificat,
904 860 943 938 tit
959 862 1051 959 ¹quia

138 981 145 991 “
197 986 351 1058 „omnes
368 964 535 1063 portabat
552 963 734 1077 Christus,
767 963 830 1059 qui
847 962 1056 1060 &peccata

198 1064 291 1157 „stra
312 1065 499 1162 portabat,
527 1063 692 1138 videmus
712 1065 750 1139 in
769 1084 863 1158 apua
883 1061 1060 1159 populum

196 1165 359 1260 „telligi,
384 1166 422 1238 in
438 1165 523 1238 vino
540 1186 625 1237 vero
642 1160 777 1238 ostendi
793 1162 1018 1256 Sanguinem
1033 1163 1060 1237 C

58 1290 61 1303 ·
195 1263 274 1354 „sti
325 1264 478 1351 Quando
501 1277 624 1338 autem
647 1263 685 1336 in
711 1262 824 1337 calice
840 1262 926 1334 vino
948 1282 1054 1359 aqua·

63 1382 66 1386 ·
194 1363 358 1453 „scetur,
393 1360 532 1437 Christo
555 1361 710 1459 populus
734 1361 934 1459 adunatpr,
971 1383 1056 1456 quae

195 1461 360 1634 ”iilam
381 1482 507 1558 aquae,
537 1462 673 1537 &vini
696 1458 744 1535 hc
766 1460 934 1535 miscetur
959 1459 999 1534 in
1023 1482 1060 1535 cr

195 1613 220 1651 „
258 1561 390 1648 omini,
422 1574 464 1635 ut
482 1561 695 1636 commixtio
715 1559 779 1636 illa
798 1582 875 1633 non·
892 1558 996 1655 possit
1016 1561 1060 1635 ab

194 1661 338 1751 „vicem
372 1659 534 1757 separari,
549 1666 560 1745 ζ
600 1659 709 1742 Unde,
739 1656 960 1746 Ecclesiam,
997 1658 1036 1732 id

193 1759 363 1857 „plebem
380 1760 418 1833 in
436 1757 595 1835 Ecclesia
618 1759 718 1835 nulla
735 1779 794 1835 res
818 1757 951 1857 poterit
971 1757 1060 1856 sepas

192 1882 241 1949 „a
261 1856 432 1935 Christo..
767 1864 772 1869 '
1040 1876 1046 1882 ·

9 2070 124 2143 naaria
192 2084 196 2093 ·
267 2054 358 2142 „Sic
376 2065 505 2131 autem
518 2055 556 2130 in
578 2049 827 2130 sanslificando
847 2053 960 2129 calice
983 2053 1060 2130 Dou

8 2175 105 2255 aquo,
119 2151 158 2222 &
196 2153 343 2243 „offerri
366 2164 460 2251 aqua
488 2153 561 2229 sola
587 2151 659 2228 non
685 2153 819 2252 potest,
857 2154 1046 2250 quomodo

8 2257 176 2338 mmm·
195 2256 344 2344 „vinum
371 2253 486 2333 solum
509 2253 639 2350 potest,
670 2277 755 2329 nam
785 2251 810 2328 fi
836 2254 961 2328 vinum
989 2264 1060 2327 tant

9 2323 69 2412 im·
192 2354 301 2450 „quis
320 2350 468 2441 offerat,
498 2353 654 2448 Sanguis
671 2352 798 2429 Christi
821 2353 946 2450 incipit
972 2352 1042 2425 esle

81 2451 85 2459 ’
191 2453 343 2543 „nobisz
367 2451 496 2528 sivero
513 2475 606 2548 aqua
626 2451 668 2526 srt
684 2452 777 2540 sola,
800 2451 902 2549 plebs
920 2451 1050 2548 incipit

85 2556 87 2565 ’
190 2552 289 2643 „srne
315 2551 475 2642 Christo,
509 2551 654 2647 quando
675 2566 805 2637 autem
834 2564 1032 2647 utrumque

190 2650 354 2742 „scetur,
379 2664 467 2727 tunc
483 2650 758 2726 Sacramentum
776 2649 975 2748 spirituale,
1002 2649 1043 2726 δι

47 2781 52 2787 ⁴
190 2750 301 2840 „leste
322 2752 513 2848 persicitur.
550 2749 632 2825 sic
653 2772 738 2825 vero
764 2751 861 2824 calix
885 2749 1060 2823 Domini:

188 2849 265 2939 „est
285 2871 378 2945 aqua
396 2850 489 2939 sola,
515 2861 585 2924 aut·
598 2851 723 2925 vinum
743 2850 879 2937 solum,
906 2847 970 2922 nisr
989 2864 1060 2922 utn

75 2960 78 2967 '
188 2971 286 3046 „que
304 2948 513 3037 misceatur,
540 2952 722 3044 quomodo
742 2955 809 3024 n'ec
829 2970 959 3045 corpus
980 2948 1060 3033 Don

188 3044 329 3146 „potest
353 3049 420 3124 effe
448 3048 563 3133 farina
593 3047 687 3135 sola,
723 3062 789 3124 aut
813 3072 906 3145 aqua
932 3047 1030 3135 sola,

187 3161 409 3245 „utrumque
433 3151 633 3224 adunatum
659 3146 789 3240 suerit,
823 3147 990 3246 &panis
1018 3172 1060 3223 ur

4 3328 29 3394 ς
82 3325 110 3415 fi
186 3254 389 3347 „compage
410 3248 613 3325 solidatum.
681 3350 684 3355 Α
847 3273 849 3279 '

15 3348 169 3499 'ihs'
287 3385 471 3521 Caeterum
502 3442 621 3520 omnis
649 3439 833 3537 religionis
887 3440 926 3518 &
958 3443 1060 3519 verit

12 3517 147 3649 zm,
184 3497 397 3645 „diiiiphna
416 3542 652 3631 subvertitur,
676 3541 741 3627 nisi
761 3543 819 3628 id,
843 3496 944 3638 ’quod
961 3542 1060 3639 spirit

9 3705 84 3733 ,
182 3644 293 3738 „litor
319 3645 562 3744 praecipitur,
581 3640 737 3718 sideliter
762 3638 980 3732 reservetur,
1014 3645 1060 3718 nil

23 3775 56 3841 p.
67 3771 138 3840 150.
210 3780 214 3787 ·
612 3769 614 3775 ·
