<?xml version="1.0" encoding="UTF-8"?>
<!DOCTYPE html PUBLIC "-//W3C//DTD XHTML 1.0 Transitional//EN"
    "http://www.w3.org/TR/xhtml1/DTD/xhtml1-transitional.dtd">
<html xmlns="http://www.w3.org/1999/xhtml" xml:lang="en" lang="en">
 <head>
  <title>
</title>
<meta http-equiv="Content-Type" content="text/html;charset=utf-8" />
  <meta name='ocr-system' content='tesseract 3.04.00' />
  <meta name='ocr-capabilities' content='ocr_page ocr_carea ocr_par ocr_line ocrx_word'/>
</head>
<body>
  <div class='ocr_page' id='page_1' title='image "./analysisoperums02schrgoog/analysisoperums02schrgoog_0498.png"; bbox 0 0 2430 4366; ppageno 0'>
   <div class='ocr_carea' id='block_1_1' title="bbox 213 144 1074 326">
    <p class='ocr_par' dir='ltr' id='par_1_1' title="bbox 213 144 1074 326">
     <span class='ocr_line' id='line_1_1' title="bbox 213 144 1074 326; baseline 0.017 -30"><span class='ocrx_word' id='word_1_1' title='bbox 213 194 434 326; x_wconf 78' lang='lat' dir='ltr'><strong><em>Disputatio</em></strong></span> <span class='ocrx_word' id='word_1_2' title='bbox 450 158 541 294; x_wconf 77' lang='lat' dir='ltr'>curn</span> <span class='ocrx_word' id='word_1_3' title='bbox 557 188 735 299; x_wconf 76' lang='lat' dir='ltr'>Monere.</span> <span class='ocrx_word' id='word_1_4' title='bbox 772 156 775 164; x_wconf 18' lang='grc' dir='ltr'>Ι</span> <span class='ocrx_word' id='word_1_5' title='bbox 860 208 947 325; x_wconf 64' lang='grc' dir='ltr'>45ᾴ</span> <span class='ocrx_word' id='word_1_6' title='bbox 1053 144 1074 311; x_wconf 23' lang='grc'>1,</span> 
     </span>
    </p>
   </div>
   <div class='ocr_carea' id='block_1_2' title="bbox 113 390 1039 2084">
    <p class='ocr_par' dir='ltr' id='par_1_2' title="bbox 113 390 1039 2084">
     <span class='ocr_line' id='line_1_2' title="bbox 113 390 943 492; baseline 0.001 -23"><span class='ocrx_word' id='word_1_7' title='bbox 113 390 316 492; x_wconf 72' lang='lat' dir='ltr'>rprotulit‘?</span> <span class='ocrx_word' id='word_1_8' title='bbox 359 393 486 491; x_wconf 88' lang='lat' dir='ltr'>Siquid</span> <span class='ocrx_word' id='word_1_9' title='bbox 511 393 631 468; x_wconf 83' lang='lat' dir='ltr'>facere</span> <span class='ocrx_word' id='word_1_10' title='bbox 654 392 786 492; x_wconf 81' lang='lat' dir='ltr'>potest,</span> <span class='ocrx_word' id='word_1_11' title='bbox 811 394 943 486; x_wconf 85' lang='lat' dir='ltr'>faciat,</span> 
     </span>
     <span class='ocr_line' id='line_1_3' title="bbox 113 490 946 592; baseline 0.004 -25"><span class='ocrx_word' id='word_1_12' title='bbox 113 493 187 572; x_wconf 88' lang='lat' dir='ltr'>redi</span> <span class='ocrx_word' id='word_1_13' title='bbox 204 494 237 567; x_wconf 88' lang='lat' dir='ltr'>ei</span> <span class='ocrx_word' id='word_1_14' title='bbox 256 490 369 590; x_wconf 73' lang='lat' dir='ltr'>pouit.</span> <span class='ocrx_word' id='word_1_15' title='bbox 422 491 551 577; x_wconf 88' lang='lat' dir='ltr'>Sermo</span> <span class='ocrx_word' id='word_1_16' title='bbox 573 516 660 569; x_wconf 89' lang='lat' dir='ltr'>vero</span> <span class='ocrx_word' id='word_1_17' title='bbox 682 494 747 576; x_wconf 81' lang='lat' dir='ltr'>iste</span> <span class='ocrx_word' id='word_1_18' title='bbox 769 508 946 592; x_wconf 83' lang='lat' dir='ltr'>quautam</span> 
     </span>
     <span class='ocr_line' id='line_1_4' title="bbox 113 591 938 690; baseline 0.002 -23"><span class='ocrx_word' id='word_1_19' title='bbox 113 606 166 669; x_wconf 72' lang='lat' dir='ltr'>eat</span> <span class='ocrx_word' id='word_1_20' title='bbox 182 595 371 680; x_wconf 88' lang='lat' dir='ltr'>virtutem,</span> <span class='ocrx_word' id='word_1_21' title='bbox 397 591 422 667; x_wconf 87' lang='lat' dir='ltr'>fi</span> <span class='ocrx_word' id='word_1_22' title='bbox 441 594 598 690; x_wconf 89' lang='lat' dir='ltr'>potuerit</span> <span class='ocrx_word' id='word_1_23' title='bbox 620 593 811 689; x_wconf 78' lang='lat' dir='ltr'>diligenter</span> <span class='ocrx_word' id='word_1_24' title='bbox 830 595 938 678; x_wconf 70' lang='lat' dir='ltr'>intet-</span> 
     </span>
     <span class='ocr_line' id='line_1_5' title="bbox 113 691 940 791; baseline 0.001 -24"><span class='ocrx_word' id='word_1_25' title='bbox 113 749 117 774; x_wconf 77' lang='lat'>‚</span> <span class='ocrx_word' id='word_1_26' title='bbox 140 695 191 767; x_wconf 88' lang='lat' dir='ltr'>ita</span> <span class='ocrx_word' id='word_1_27' title='bbox 212 693 359 767; x_wconf 90' lang='lat' dir='ltr'>demum</span> <span class='ocrx_word' id='word_1_28' title='bbox 379 693 475 767; x_wconf 89' lang='lat' dir='ltr'>credi</span> <span class='ocrx_word' id='word_1_29' title='bbox 488 694 620 791; x_wconf 86' lang='lat' dir='ltr'>poterit</span> <span class='ocrx_word' id='word_1_30' title='bbox 637 691 715 780; x_wconf 86' lang='lat' dir='ltr'>his,</span> <span class='ocrx_word' id='word_1_31' title='bbox 743 715 824 789; x_wconf 86' lang='lat' dir='ltr'>quoe</span> <span class='ocrx_word' id='word_1_32' title='bbox 841 717 864 776; x_wconf 85' lang='lat' dir='ltr'>a</span> <span class='ocrx_word' id='word_1_33' title='bbox 879 717 940 770; x_wconf 90' lang='lat' dir='ltr'>me</span> 
     </span>
     <span class='ocr_line' id='line_1_6' title="bbox 113 791 941 890; baseline 0 -22"><span class='ocrx_word' id='word_1_34' title='bbox 113 793 165 868; x_wconf 87' lang='lat' dir='ltr'>int</span> <span class='ocrx_word' id='word_1_35' title='bbox 184 792 318 867; x_wconf 80' lang='lat' dir='ltr'>afferto.</span> <span class='ocrx_word' id='word_1_36' title='bbox 355 791 468 887; x_wconf 81' lang='lat' dir='ltr'><strong>Igitur</strong></span> <span class='ocrx_word' id='word_1_37' title='bbox 483 793 521 866; x_wconf 88' lang='lat' dir='ltr'>in</span> <span class='ocrx_word' id='word_1_38' title='bbox 536 792 651 890; x_wconf 85' lang='lat' dir='ltr'>prima</span> <span class='ocrx_word' id='word_1_39' title='bbox 667 793 715 867; x_wconf 87' lang='lat' dir='ltr'>ad</span> <span class='ocrx_word' id='word_1_40' title='bbox 729 794 941 869; x_wconf 83' lang='lat' dir='ltr'><strong>Corinthios</strong></span> 
     </span>
     <span class='ocr_line' id='line_1_7' title="bbox 113 891 942 991; baseline 0.002 -24"><span class='ocrx_word' id='word_1_41' title='bbox 113 893 177 967; x_wconf 84' lang='lat' dir='ltr'>:ola</span> <span class='ocrx_word' id='word_1_42' title='bbox 204 893 284 967; x_wconf 88' lang='lat' dir='ltr'>hoec</span> <span class='ocrx_word' id='word_1_43' title='bbox 310 891 399 966; x_wconf 87' lang='lat' dir='ltr'>dicit</span> <span class='ocrx_word' id='word_1_44' title='bbox 423 891 557 968; x_wconf 90' lang='lat' dir='ltr'>Paulus</span> <span class='ocrx_word' id='word_1_45' title='bbox 587 892 634 966; x_wconf 92' lang='lat' dir='ltr'>de</span> <span class='ocrx_word' id='word_1_46' title='bbox 667 891 842 990; x_wconf 70' lang='lat' dir='ltr'>perfetio,</span> <span class='ocrx_word' id='word_1_47' title='bbox 879 893 942 991; x_wconf 88' lang='lat' dir='ltr'>qui</span> 
     </span>
     <span class='ocr_line' id='line_1_8' title="bbox 113 989 942 1093; baseline 0.002 -27"><span class='ocrx_word' id='word_1_48' title='bbox 113 1015 205 1066; x_wconf 88' lang='lat' dir='ltr'>:urus</span> <span class='ocrx_word' id='word_1_49' title='bbox 230 990 297 1065; x_wconf 88' lang='lat' dir='ltr'>est:</span> <span class='ocrx_word' id='word_1_50' title='bbox 334 989 409 1067; x_wconf 82' lang='lat' dir='ltr'>Siue</span> <span class='ocrx_word' id='word_1_51' title='bbox 430 991 611 1090; x_wconf 76' lang='lat' dir='ltr'>Prophetioo</span> <span class='ocrx_word' id='word_1_52' title='bbox 634 991 843 1092; x_wconf 78' lang='lat' dir='ltr'>destruentur,</span> <span class='ocrx_word' id='word_1_53' title='bbox 869 995 942 1093; x_wconf 81' lang='lat' dir='ltr'>stou</span> 
     </span>
     <span class='ocr_line' id='line_1_9' title="bbox 113 1089 938 1197; baseline -0.004 -31"><span class='ocrx_word' id='word_1_54' title='bbox 113 1114 152 1166; x_wconf 81' lang='lat' dir='ltr'>oco</span> <span class='ocrx_word' id='word_1_55' title='bbox 166 1119 198 1166; x_wconf 86' lang='lat' dir='ltr'>ce</span> <span class='ocrx_word' id='word_1_56' title='bbox 224 1089 355 1189; x_wconf 63' lang='lat' dir='ltr'>otono,</span> <span class='ocrx_word' id='word_1_57' title='bbox 371 1115 420 1165; x_wconf 82' lang='lat' dir='ltr'>roc</span> <span class='ocrx_word' id='word_1_58' title='bbox 428 1089 567 1190; x_wconf 78' lang='lat' dir='ltr'>scientio</span> <span class='ocrx_word' id='word_1_59' title='bbox 585 1089 779 1197; x_wconf 65' lang='lat' dir='ltr'>destructum</span> <span class='ocrx_word' id='word_1_60' title='bbox 800 1117 842 1165; x_wconf 80' lang='lat' dir='ltr'>eor</span> <span class='ocrx_word' id='word_1_61' title='bbox 853 1117 938 1190; x_wconf 50' lang='lat' dir='ltr'>pora</span> 
     </span>
     <span class='ocr_line' id='line_1_10' title="bbox 113 1190 941 1291; baseline 0.008 -27"><span class='ocrx_word' id='word_1_62' title='bbox 113 1193 165 1264; x_wconf 82' lang='lat' dir='ltr'>tim</span> <span class='ocrx_word' id='word_1_63' title='bbox 201 1190 300 1264; x_wconf 80' lang='lat' dir='ltr'>riorus</span> <span class='ocrx_word' id='word_1_64' title='bbox 361 1217 389 1264; x_wconf 87' lang='lat' dir='ltr'>c.</span> <span class='ocrx_word' id='word_1_65' title='bbox 443 1191 535 1269; x_wconf 85' lang='lat' dir='ltr'><strong>Vide</strong></span> <span class='ocrx_word' id='word_1_66' title='bbox 558 1213 664 1286; x_wconf 84' lang='lat' dir='ltr'>ergo,</span> <span class='ocrx_word' id='word_1_67' title='bbox 698 1192 941 1291; x_wconf 79' lang='lat' dir='ltr'>quantumin</span> 
     </span>
     <span class='ocr_line' id='line_1_11' title="bbox 120 1289 941 1389; baseline 0.002 -25"><span class='ocrx_word' id='word_1_68' title='bbox 120 1290 253 1367; x_wconf 88' lang='lat' dir='ltr'>habeat</span> <span class='ocrx_word' id='word_1_69' title='bbox 269 1290 460 1379; x_wconf 86' lang='lat' dir='ltr'>virtutem,</span> <span class='ocrx_word' id='word_1_70' title='bbox 486 1291 581 1387; x_wconf 92' lang='lat' dir='ltr'>quod</span> <span class='ocrx_word' id='word_1_71' title='bbox 595 1290 790 1389; x_wconf 75' lang='lat' dir='ltr'>perfettum</span> <span class='ocrx_word' id='word_1_72' title='bbox 806 1289 872 1378; x_wconf 86' lang='lat' dir='ltr'>est,</span> <span class='ocrx_word' id='word_1_73' title='bbox 899 1289 941 1367; x_wconf 79' lang='lat' dir='ltr'>do</span> 
     </span>
     <span class='ocr_line' id='line_1_12' title="bbox 113 1387 942 1487; baseline 0.005 -24"><span class='ocrx_word' id='word_1_74' title='bbox 113 1412 135 1464; x_wconf 82' lang='lat' dir='ltr'><strong>s</strong></span> <span class='ocrx_word' id='word_1_75' title='bbox 160 1388 202 1464; x_wconf 88' lang='lat' dir='ltr'>srt</span> <span class='ocrx_word' id='word_1_76' title='bbox 224 1390 359 1464; x_wconf 86' lang='lat' dir='ltr'>ordinis</span> <span class='ocrx_word' id='word_1_77' title='bbox 379 1387 441 1463; x_wconf 89' lang='lat' dir='ltr'>ista</span> <span class='ocrx_word' id='word_1_78' title='bbox 460 1390 638 1487; x_wconf 85' lang='lat' dir='ltr'>perfettio.</span> <span class='ocrx_word' id='word_1_79' title='bbox 690 1389 942 1467; x_wconf 85' lang='lat' dir='ltr'>Dicat-autem</span> 
     </span>
     <span class='ocr_line' id='line_1_13' title="bbox 131 1488 940 1597; baseline 0 -33"><span class='ocrx_word' id='word_1_80' title='bbox 131 1512 241 1597; x_wconf 81' lang='lat' dir='ltr'>quam</span> <span class='ocrx_word' id='word_1_81' title='bbox 253 1488 464 1564; x_wconf 85' lang='lat' dir='ltr'>destruxerit</span> <span class='ocrx_word' id='word_1_82' title='bbox 480 1490 705 1586; x_wconf 82' lang='lat' dir='ltr'>prophetiam</span> <span class='ocrx_word' id='word_1_83' title='bbox 715 1488 940 1589; x_wconf 85' lang='lat' dir='ltr'>Judaeorum,</span> 
     </span>
     <span class='ocr_line' id='line_1_14' title="bbox 113 1587 939 1686; baseline -0.002 -20"><span class='ocrx_word' id='word_1_84' title='bbox 113 1589 251 1685; x_wconf 78' lang='lat' dir='ltr'>tinguas</span> <span class='ocrx_word' id='word_1_85' title='bbox 270 1588 399 1664; x_wconf 74' lang='lat' dir='ltr'>cedere</span> <span class='ocrx_word' id='word_1_86' title='bbox 414 1587 504 1664; x_wconf 80' lang='lat' dir='ltr'>fecit</span> <span class='ocrx_word' id='word_1_87' title='bbox 520 1591 752 1679; x_wconf 73' lang='lat' dir='ltr'>Graecorum,</span> <span class='ocrx_word' id='word_1_88' title='bbox 776 1587 834 1663; x_wconf 84' lang='lat' dir='ltr'>vel</span> <span class='ocrx_word' id='word_1_89' title='bbox 855 1610 939 1686; x_wconf 83' lang='lat' dir='ltr'>quau</span> 
     </span>
     <span class='ocr_line' id='line_1_15' title="bbox 121 1687 940 1784; baseline -0.005 -20"><span class='ocrx_word' id='word_1_90' title='bbox 121 1689 291 1784; x_wconf 82' lang='lat' dir='ltr'>dogmata</span> <span class='ocrx_word' id='word_1_91' title='bbox 308 1687 752 1778; x_wconf 86' lang='lat' dir='ltr'>destruxitValentiniani,</span> <span class='ocrx_word' id='word_1_92' title='bbox 764 1701 828 1763; x_wconf 88' lang='lat' dir='ltr'>aut</span> <span class='ocrx_word' id='word_1_93' title='bbox 841 1689 940 1763; x_wconf 58' lang='lat' dir='ltr'>Mar,</span> 
     </span>
     <span class='ocr_line' id='line_1_16' title="bbox 113 1787 1039 1886; baseline -0.002 -23"><span class='ocrx_word' id='word_1_94' title='bbox 113 1789 166 1875; x_wconf 85' lang='lat' dir='ltr'>is,</span> <span class='ocrx_word' id='word_1_95' title='bbox 194 1802 501 1884; x_wconf 82' lang='lat' dir='ltr'>coeterorumque,</span> <span class='ocrx_word' id='word_1_96' title='bbox 526 1791 588 1885; x_wconf 89' lang='lat' dir='ltr'>qui</span> <span class='ocrx_word' id='word_1_97' title='bbox 604 1789 784 1886; x_wconf 88' lang='lat' dir='ltr'>propriam</span> <span class='ocrx_word' id='word_1_98' title='bbox 801 1787 942 1872; x_wconf 78' lang='lat' dir='ltr'>sibimet</span> <span class='ocrx_word' id='word_1_99' title='bbox 1032 1808 1039 1823; x_wconf 74' lang='lat'><strong><em>¹</em></strong></span> 
     </span>
     <span class='ocr_line' id='line_1_17' title="bbox 113 1886 942 1985; baseline 0.011 -29"><span class='ocrx_word' id='word_1_100' title='bbox 113 1887 325 1963; x_wconf 73' lang='lat' dir='ltr'>rscientiam</span> <span class='ocrx_word' id='word_1_101' title='bbox 347 1888 641 1985; x_wconf 81' lang='lat' dir='ltr'>composuerunt:</span> <span class='ocrx_word' id='word_1_102' title='bbox 675 1909 783 1985; x_wconf 88' lang='lat' dir='ltr'>quem</span> <span class='ocrx_word' id='word_1_103' title='bbox 810 1886 942 1965; x_wconf 84' lang='lat' dir='ltr'>horum</span> 
     </span>
     <span class='ocr_line' id='line_1_18' title="bbox 113 1984 953 2084; baseline -0.004 -21"><span class='ocrx_word' id='word_1_104' title='bbox 113 1989 225 2072; x_wconf 77' lang='lat' dir='ltr'>runt,</span> <span class='ocrx_word' id='word_1_105' title='bbox 261 1987 378 2076; x_wconf 86' lang='lat' dir='ltr'>dicat,</span> <span class='ocrx_word' id='word_1_106' title='bbox 411 2001 475 2065; x_wconf 88' lang='lat' dir='ltr'>aut</span> <span class='ocrx_word' id='word_1_107' title='bbox 499 1987 643 2084; x_wconf 89' lang='lat' dir='ltr'>quando</span> <span class='ocrx_word' id='word_1_108' title='bbox 659 1985 819 2062; x_wconf 81' lang='lat' dir='ltr'>destruet</span> <span class='ocrx_word' id='word_1_109' title='bbox 843 1984 953 2084; x_wconf 73' lang='lat' dir='ltr'>quati</span> 
     </span>
    </p>
   </div>
   <div class='ocr_carea' id='block_1_3' title="bbox 112 2083 1100 2183">
    <p class='ocr_par' dir='ltr' id='par_1_3' title="bbox 112 2083 1100 2183">
     <span class='ocr_line' id='line_1_19' title="bbox 112 2083 1100 2183; baseline -0.008 -22"><span class='ocrx_word' id='word_1_110' title='bbox 112 2085 237 2168; x_wconf 65' lang='lat' dir='ltr'>tuus?</span> <span class='ocrx_word' id='word_1_111' title='bbox 273 2086 443 2162; x_wconf 76' lang='lat' dir='ltr'>inducias</span> <span class='ocrx_word' id='word_1_112' title='bbox 461 2085 612 2162; x_wconf 82' lang='lat' dir='ltr'>fortaffis</span> <span class='ocrx_word' id='word_1_113' title='bbox 627 2085 767 2183; x_wconf 88' lang='lat' dir='ltr'>aliquas</span> <span class='ocrx_word' id='word_1_114' title='bbox 784 2083 945 2182; x_wconf 54' lang='lat' dir='ltr'>quaerit}</span> <span class='ocrx_word' id='word_1_115' title='bbox 1031 2116 1036 2132; x_wconf 65' lang='lat'>=</span> <span class='ocrx_word' id='word_1_116' title='bbox 1092 2094 1100 2106; x_wconf 88' lang='lat'><strong><em>‘</em></strong></span> 
     </span>
    </p>
   </div>
   <div class='ocr_carea' id='block_1_4' title="bbox 113 2185 959 3792">
    <p class='ocr_par' dir='ltr' id='par_1_4' title="bbox 113 2185 959 3792">
     <span class='ocr_line' id='line_1_20' title="bbox 113 2185 941 2286; baseline -0.004 -25"><span class='ocrx_word' id='word_1_117' title='bbox 113 2215 118 2261; x_wconf 80' lang='grc' dir='ltr'>ι</span> <span class='ocrx_word' id='word_1_118' title='bbox 133 2186 259 2286; x_wconf 88' lang='lat' dir='ltr'>plane,</span> <span class='ocrx_word' id='word_1_119' title='bbox 284 2212 358 2261; x_wconf 90' lang='lat' dir='ltr'>non</span> <span class='ocrx_word' id='word_1_120' title='bbox 374 2199 450 2263; x_wconf 89' lang='lat' dir='ltr'>tam</span> <span class='ocrx_word' id='word_1_121' title='bbox 465 2185 670 2281; x_wconf 86' lang='lat' dir='ltr'>ignobiliter</span> <span class='ocrx_word' id='word_1_122' title='bbox 682 2187 850 2260; x_wconf 84' lang='lat' dir='ltr'>adveniet</span> <span class='ocrx_word' id='word_1_123' title='bbox 864 2186 941 2270; x_wconf 83' lang='lat' dir='ltr'>ille,</span> 
     </span>
     <span class='ocr_line' id='line_1_21' title="bbox 118 2283 944 2385; baseline 0.001 -26"><span class='ocrx_word' id='word_1_124' title='bbox 118 2285 293 2384; x_wconf 71' lang='lat' dir='ltr'>perrottus</span> <span class='ocrx_word' id='word_1_125' title='bbox 317 2286 385 2375; x_wconf 89' lang='lat' dir='ltr'>est,</span> <span class='ocrx_word' id='word_1_126' title='bbox 418 2287 456 2360; x_wconf 89' lang='lat' dir='ltr'>id</span> <span class='ocrx_word' id='word_1_127' title='bbox 475 2285 544 2375; x_wconf 83' lang='lat' dir='ltr'>cst,</span> <span class='ocrx_word' id='word_1_128' title='bbox 579 2286 624 2361; x_wconf 90' lang='lat' dir='ltr'>D.</span> <span class='ocrx_word' id='word_1_129' title='bbox 647 2284 694 2360; x_wconf 91' lang='lat' dir='ltr'>N.</span> <span class='ocrx_word' id='word_1_130' title='bbox 719 2283 818 2385; x_wconf 87' lang='lat' dir='ltr'>Jesus</span> <span class='ocrx_word' id='word_1_131' title='bbox 838 2286 944 2368; x_wconf 87' lang='lat' dir='ltr'>Chri·</span> 
     </span>
     <span class='ocr_line' id='line_1_22' title="bbox 113 2383 946 2482; baseline 0.005 -24"><span class='ocrx_word' id='word_1_132' title='bbox 113 2439 119 2472; x_wconf 89' lang='lat'>,</span> <span class='ocrx_word' id='word_1_133' title='bbox 144 2383 204 2459; x_wconf 88' lang='lat' dir='ltr'>sed</span> <span class='ocrx_word' id='word_1_134' title='bbox 223 2386 412 2482; x_wconf 82' lang='lat' dir='ltr'>praemittit</span> <span class='ocrx_word' id='word_1_135' title='bbox 427 2386 542 2482; x_wconf 88' lang='lat' dir='ltr'>primo</span> <span class='ocrx_word' id='word_1_136' title='bbox 555 2385 711 2481; x_wconf 65' lang='lat' dir='ltr'>gloriam</span> <span class='ocrx_word' id='word_1_137' title='bbox 728 2384 825 2459; x_wconf 88' lang='lat' dir='ltr'>suam</span> <span class='ocrx_word' id='word_1_138' title='bbox 844 2385 946 2479; x_wconf 83' lang='lat' dir='ltr'>regui</span> 
     </span>
     <span class='ocr_line' id='line_1_23' title="bbox 113 2482 944 2577; baseline 0 -24"><span class='ocrx_word' id='word_1_139' title='bbox 113 2483 297 2560; x_wconf 86' lang='lat' dir='ltr'>dicatores</span> <span class='ocrx_word' id='word_1_140' title='bbox 313 2485 486 2577; x_wconf 86' lang='lat' dir='ltr'>sacratos,</span> <span class='ocrx_word' id='word_1_141' title='bbox 513 2483 550 2560; x_wconf 85' lang='lat' dir='ltr'>dt</span> <span class='ocrx_word' id='word_1_142' title='bbox 565 2500 653 2560; x_wconf 90' lang='lat' dir='ltr'>tunc</span> <span class='ocrx_word' id='word_1_143' title='bbox 668 2482 829 2564; x_wconf 81' lang='lat' dir='ltr'>universa</span> <span class='ocrx_word' id='word_1_144' title='bbox 846 2505 944 2560; x_wconf 86' lang='lat' dir='ltr'>crea·.</span> 
     </span>
     <span class='ocr_line' id='line_1_24' title="bbox 113 2583 948 2680; baseline -0.004 -21"><span class='ocrx_word' id='word_1_145' title='bbox 113 2614 119 2659; x_wconf 84' lang='lat' dir='ltr'>t</span> <span class='ocrx_word' id='word_1_146' title='bbox 151 2586 458 2674; x_wconf 85' lang='lat' dir='ltr'>commovebitur,</span> <span class='ocrx_word' id='word_1_147' title='bbox 504 2583 712 2673; x_wconf 79' lang='lat' dir='ltr'>obsecrans,</span> <span class='ocrx_word' id='word_1_148' title='bbox 755 2605 948 2680; x_wconf 87' lang='lat' dir='ltr'>usquequo</span> 
     </span>
     <span class='ocr_line' id='line_1_25' title="bbox 113 2683 946 2777; baseline -0.002 -19"><span class='ocrx_word' id='word_1_149' title='bbox 113 2710 157 2759; x_wconf 77' lang='lat' dir='ltr'>ra</span> <span class='ocrx_word' id='word_1_150' title='bbox 182 2683 350 2760; x_wconf 84' lang='lat' dir='ltr'>servitute</span> <span class='ocrx_word' id='word_1_151' title='bbox 373 2685 520 2760; x_wconf 87' lang='lat' dir='ltr'>liberet:</span> <span class='ocrx_word' id='word_1_152' title='bbox 554 2685 754 2770; x_wconf 87' lang='lat' dir='ltr'>humanum</span> <span class='ocrx_word' id='word_1_153' title='bbox 776 2707 860 2758; x_wconf 87' lang='lat' dir='ltr'>vero</span> <span class='ocrx_word' id='word_1_154' title='bbox 883 2705 946 2777; x_wconf 84' lang='lat' dir='ltr'>ge·.</span> 
     </span>
     <span class='ocr_line' id='line_1_26' title="bbox 124 2782 946 2881; baseline -0.001 -23"><span class='ocrx_word' id='word_1_155' title='bbox 124 2796 282 2872; x_wconf 88' lang='lat' dir='ltr'>metuat,</span> <span class='ocrx_word' id='word_1_156' title='bbox 311 2785 445 2859; x_wconf 78' lang='lat' dir='ltr'>neceffe</span> <span class='ocrx_word' id='word_1_157' title='bbox 461 2784 527 2872; x_wconf 88' lang='lat' dir='ltr'>est,</span> <span class='ocrx_word' id='word_1_158' title='bbox 553 2804 617 2881; x_wconf 90' lang='lat' dir='ltr'>pro</span> <span class='ocrx_word' id='word_1_159' title='bbox 634 2807 698 2872; x_wconf 89' lang='lat' dir='ltr'>eo,</span> <span class='ocrx_word' id='word_1_160' title='bbox 717 2783 813 2881; x_wconf 89' lang='lat' dir='ltr'>quod</span> <span class='ocrx_word' id='word_1_161' title='bbox 829 2782 946 2868; x_wconf 79' lang='lat' dir='ltr'>multu¹</span> 
     </span>
     <span class='ocr_line' id='line_1_27' title="bbox 114 2880 951 2981; baseline -0.004 -23"><span class='ocrx_word' id='word_1_162' title='bbox 114 2885 165 2958; x_wconf 77' lang='lat' dir='ltr'>tra</span> <span class='ocrx_word' id='word_1_163' title='bbox 182 2883 417 2972; x_wconf 88' lang='lat' dir='ltr'>commiserit,</span> <span class='ocrx_word' id='word_1_164' title='bbox 441 2884 504 2958; x_wconf 89' lang='lat' dir='ltr'>soli</span> <span class='ocrx_word' id='word_1_165' title='bbox 520 2905 605 2956; x_wconf 81' lang='lat' dir='ltr'>vero</span> <span class='ocrx_word' id='word_1_166' title='bbox 616 2880 698 2981; x_wconf 85' lang='lat' dir='ltr'>justi</span> <span class='ocrx_word' id='word_1_167' title='bbox 713 2883 951 2973; x_wconf 83' lang='lat' dir='ltr'>laetabuntur,</span> 
     </span>
     <span class='ocr_line' id='line_1_28' title="bbox 113 2980 950 3081; baseline -0.006 -24"><span class='ocrx_word' id='word_1_168' title='bbox 113 2983 288 3072; x_wconf 73' lang='lat' dir='ltr'>ouantes,</span> <span class='ocrx_word' id='word_1_169' title='bbox 322 3006 404 3081; x_wconf 84' lang='lat' dir='ltr'>quae</span> <span class='ocrx_word' id='word_1_170' title='bbox 421 2982 483 3057; x_wconf 85' lang='lat' dir='ltr'>fibi</span> <span class='ocrx_word' id='word_1_171' title='bbox 498 2982 661 3080; x_wconf 77' lang='lat' dir='ltr'>promitio</span> <span class='ocrx_word' id='word_1_172' title='bbox 680 2983 778 3071; x_wconf 85' lang='lat' dir='ltr'>sunt,</span> <span class='ocrx_word' id='word_1_173' title='bbox 811 3006 878 3056; x_wconf 87' lang='lat' dir='ltr'>nec</span> <span class='ocrx_word' id='word_1_174' title='bbox 892 2980 950 3058; x_wconf 55' lang='lat' dir='ltr'>ula.</span> 
     </span>
     <span class='ocr_line' id='line_1_29' title="bbox 117 3081 950 3179; baseline -0.004 -21"><span class='ocrx_word' id='word_1_175' title='bbox 117 3085 382 3167; x_wconf 81' lang='lat' dir='ltr'>mundanarum</span> <span class='ocrx_word' id='word_1_176' title='bbox 403 3105 525 3163; x_wconf 89' lang='lat' dir='ltr'>rerum</span> <span class='ocrx_word' id='word_1_177' title='bbox 548 3081 736 3159; x_wconf 84' lang='lat' dir='ltr'>substantia</span> <span class='ocrx_word' id='word_1_178' title='bbox 762 3104 950 3179; x_wconf 82' lang='lat' dir='ltr'>permane·</span> 
     </span>
     <span class='ocr_line' id='line_1_30' title="bbox 137 3179 950 3281; baseline -0.004 -26"><span class='ocrx_word' id='word_1_179' title='bbox 137 3187 260 3257; x_wconf 88' lang='lat' dir='ltr'>omnia</span> <span class='ocrx_word' id='word_1_180' title='bbox 276 3183 518 3270; x_wconf 88' lang='lat' dir='ltr'>destruentur,</span> <span class='ocrx_word' id='word_1_181' title='bbox 546 3179 616 3256; x_wconf 83' lang='lat' dir='ltr'>five</span> <span class='ocrx_word' id='word_1_182' title='bbox 634 3182 852 3281; x_wconf 87' lang='lat' dir='ltr'>prophetiae,</span> <span class='ocrx_word' id='word_1_183' title='bbox 879 3179 950 3254; x_wconf 88' lang='lat' dir='ltr'>srve</span> 
     </span>
     <span class='ocr_line' id='line_1_31' title="bbox 113 3281 951 3378; baseline -0.004 -23"><span class='ocrx_word' id='word_1_184' title='bbox 113 3305 175 3372; x_wconf 60' lang='lat' dir='ltr'>31ae</span> <span class='ocrx_word' id='word_1_185' title='bbox 203 3283 401 3366; x_wconf 68' lang='lat' dir='ltr'>cessabunt,</span> <span class='ocrx_word' id='word_1_186' title='bbox 436 3281 578 3378; x_wconf 89' lang='lat' dir='ltr'>eoquod</span> <span class='ocrx_word' id='word_1_187' title='bbox 603 3281 699 3358; x_wconf 86' lang='lat' dir='ltr'>ultra</span> <span class='ocrx_word' id='word_1_188' title='bbox 724 3307 797 3358; x_wconf 90' lang='lat' dir='ltr'>non</span> <span class='ocrx_word' id='word_1_189' title='bbox 820 3292 951 3376; x_wconf 86' lang='lat' dir='ltr'>egeant</span> 
     </span>
     <span class='ocr_line' id='line_1_32' title="bbox 113 3381 950 3480; baseline -0.002 -25"><span class='ocrx_word' id='word_1_190' title='bbox 113 3383 183 3456; x_wconf 80' lang='lat' dir='ltr'>tciri</span> <span class='ocrx_word' id='word_1_191' title='bbox 203 3383 270 3455; x_wconf 82' lang='lat' dir='ltr'>effe</span> <span class='ocrx_word' id='word_1_192' title='bbox 292 3381 459 3458; x_wconf 87' lang='lat' dir='ltr'>homines</span> <span class='ocrx_word' id='word_1_193' title='bbox 485 3382 530 3456; x_wconf 90' lang='lat' dir='ltr'>de</span> <span class='ocrx_word' id='word_1_194' title='bbox 551 3381 630 3467; x_wconf 86' lang='lat' dir='ltr'>his,</span> <span class='ocrx_word' id='word_1_195' title='bbox 663 3404 746 3480; x_wconf 86' lang='lat' dir='ltr'>quae</span> <span class='ocrx_word' id='word_1_196' title='bbox 766 3382 950 3467; x_wconf 82' lang='lat' dir='ltr'>advitam</span> 
     </span>
     <span class='ocr_line' id='line_1_33' title="bbox 113 3477 952 3578; baseline -0.006 -22"><span class='ocrx_word' id='word_1_197' title='bbox 113 3482 231 3557; x_wconf 79' lang='lat' dir='ltr'>effaria</span> <span class='ocrx_word' id='word_1_198' title='bbox 257 3480 356 3570; x_wconf 87' lang='lat' dir='ltr'>sunt,</span> <span class='ocrx_word' id='word_1_199' title='bbox 390 3481 461 3557; x_wconf 82' lang='lat' dir='ltr'>five</span> <span class='ocrx_word' id='word_1_200' title='bbox 488 3480 632 3555; x_wconf 89' lang='lat' dir='ltr'>scientia</span> <span class='ocrx_word' id='word_1_201' title='bbox 658 3484 768 3558; x_wconf 90' lang='lat' dir='ltr'>etiam</span> <span class='ocrx_word' id='word_1_202' title='bbox 794 3479 867 3578; x_wconf 83' lang='lat' dir='ltr'>ipsa</span> <span class='ocrx_word' id='word_1_203' title='bbox 889 3477 952 3563; x_wconf 90' lang='lat' dir='ltr'>de-</span> 
     </span>
     <span class='ocr_line' id='line_1_34' title="bbox 115 3578 957 3680; baseline -0.006 -25"><span class='ocrx_word' id='word_1_204' title='bbox 115 3596 195 3657; x_wconf 90' lang='lat' dir='ltr'>etur</span> <span class='ocrx_word' id='word_1_205' title='bbox 204 3606 215 3675; x_wconf 62' lang='lat'>;⁴</span> <span class='ocrx_word' id='word_1_206' title='bbox 252 3583 343 3656; x_wconf 84' lang='lat' dir='ltr'>nihil</span> <span class='ocrx_word' id='word_1_207' title='bbox 369 3581 464 3656; x_wconf 90' lang='lat' dir='ltr'>enim</span> <span class='ocrx_word' id='word_1_208' title='bbox 491 3581 621 3655; x_wconf 91' lang='lat' dir='ltr'>horum</span> <span class='ocrx_word' id='word_1_209' title='bbox 650 3581 795 3659; x_wconf 85' lang='lat' dir='ltr'>sufferre</span> <span class='ocrx_word' id='word_1_210' title='bbox 818 3578 957 3680; x_wconf 83' lang='lat' dir='ltr'>&#39;poterit</span> 
     </span>
     <span class='ocr_line' id='line_1_35' title="bbox 113 3676 959 3792; baseline -0.012 -33"><span class='ocrx_word' id='word_1_211' title='bbox 113 3684 167 3792; x_wconf 67' lang='lat' dir='ltr'>gni</span> <span class='ocrx_word' id='word_1_212' title='bbox 195 3679 295 3773; x_wconf 74' lang='lat' dir='ltr'>illius</span> <span class='ocrx_word' id='word_1_213' title='bbox 319 3682 434 3789; x_wconf 80' lang='lat' dir='ltr'>Regis¹</span> <span class='ocrx_word' id='word_1_214' title='bbox 456 3681 667 3774; x_wconf 67' lang='lat' dir='ltr'>adventum,</span> <span class='ocrx_word' id='word_1_215' title='bbox 710 3681 811 3775; x_wconf 44' lang='lat' dir='ltr'>v‚Saue</span> <span class='ocrx_word' id='word_1_216' title='bbox 832 3676 959 3762; x_wconf 71' lang='lat' dir='ltr'>nullus</span> 
     </span>
    </p>
   </div>
   <div class='ocr_carea' id='block_1_5' title="bbox 853 3777 1154 3897">
    <p class='ocr_par' dir='ltr' id='par_1_5' title="bbox 853 3777 1154 3897">
     <span class='ocr_line' id='line_1_36' title="bbox 853 3777 1154 3897; baseline 0.02 -29"><span class='ocrx_word' id='word_1_217' title='bbox 853 3777 960 3886; x_wconf 61' lang='lat' dir='ltr'>phaer‘*</span> <span class='ocrx_word' id='word_1_218' title='bbox 1021 3879 1026 3897; x_wconf 38' lang='lat'>⁸</span> <span class='ocrx_word' id='word_1_219' title='bbox 1149 3867 1154 3874; x_wconf 93' lang='lat'>.</span> 
     </span>
    </p>
   </div>
   <div class='ocr_carea' id='block_1_6' title="bbox 905 4051 1111 4141">
    <p class='ocr_par' dir='ltr' id='par_1_6' title="bbox 905 4051 1111 4141">
     <span class='ocr_line' id='line_1_37' title="bbox 905 4051 1111 4141; baseline -0.005 -82"><span class='ocrx_word' id='word_1_220' title='bbox 905 4051 1111 4141; x_wconf 57' lang='lat' dir='ltr'>ug(</span> 
     </span>
    </p>
   </div>
   <div class='ocr_carea' id='block_1_7' title="bbox 0 0 1228 4366">
    <p class='ocr_par' dir='ltr' id='par_1_7' title="bbox 0 0 1228 4366">
     <span class='ocr_line' id='line_1_38' title="bbox 0 0 1228 4366; baseline 0 0"><span class='ocrx_word' id='word_1_221' title='bbox 0 0 1228 4366; x_wconf 95' lang='lat' dir='ltr'> </span> 
     </span>
    </p>
   </div>
  </div>
 </body>
</html>
