2430 4366
127 228 219 344 Ι356
320 201 565 338 &Gregorii
589 205 889 337 Thomnoturgi
910 208 942 250 '³

133 413 241 507 „tiis3
275 411 486 509 cogitationi
504 408 698 507 siquidem,
722 407 996 507 inventionique
1011 426 1058 485 τε

132 533 261 603 „rum,
286 512 445 587 amicum
461 508 745 607 quodammodo,
764 506 804 585 dr
818 526 1058 605 concorsopo·
1092 515 1094 530 '

132 614 209 704 „ris
240 610 289 685 est
321 609 524 702 silentium,
560 608 703 684 dicendi
733 630 821 684 vero
855 606 1059 685 facultatem

131 710 257 803 „haud
275 708 362 785 alibi
386 708 564 807 reperias,
598 730 707 803 quam
725 708 763 783 in
782 708 977 785 verborum
991 706 1058 784 alli·

129 811 230 901 „dua
246 809 503 897 meditatione,
528 830 572 882 ac
587 804 664 883 usu.
700 808 927 896 Quinetiam
943 806 982 883 dt
996 802 1061 884 alia-

128 909 327 1007 „quaedam
340 919 502 983 mentem
514 904 698 1003 disciplina
713 906 951 983 vehementer
962 929 1058 981 occu·

129 1020 239 1107 „pat,
272 1004 311 1083 dt
330 1028 372 1081 os
391 1006 554 1111 linguam
572 1006 680 1103 plane
699 1005 930 1101 constringit,
964 1004 1057 1081 stvel

126 1108 331 1201 '„exiguum
354 1106 538 1203 quidpiam
559 1126 679 1201 graeca
698 1128 789 1181 voce
813 1104 937 1201 eloqui
959 1104 1059 1181 velit:

125 1204 320 1296 '„mirificae
344 1204 517 1283 nimirum
541 1202 758 1303 Sapientum
783 1203 989 1279 nostrorum
1016 1203 1061 1278 le·
1092 1219 1094 1226 '

129 1326 245 1403 „ges,
271 1305 404 1402 quibus
416 1303 583 1394 ¹omnium
598 1325 712 1391 nunc,
739 1305 801 1400 qui
816 1304 1061 1379 Romanorum

130 1404 309 1503 „imperio
325 1416 470 1502 parent,
505 1425 565 1479 res
584 1404 851 1501 gubernantur,
885 1423 972 1501 quae
991 1404 1062 1499 qui·

129 1504 242 1593 „dem
261 1503 512 1580 Romanomm
536 1501 707 1600 exposttae
729 1502 890 1577 sannone
910 1502 1066 1577 admira·

124 1601 222 1692 „bili
253 1601 354 1690 sane,
389 1615 499 1701 atque
530 1602 742 1697 magnifico,
774 1599 813 1678 dt
844 1601 892 1676 ad
926 1600 1061 1717 imperil

130 1699 381 1799 „majestatem
407 1702 655 1787 conformato,
690 1699 752 1777 sed
773 1700 865 1779 mihi
885 1722 993 1798 gravi
1015 1700 1066 1775 ni-

132 1800 380 1893 „hilominn8,
401 1800 439 1878 dt
456 1796 594 1877 difficili
610 1798 701 1880 sunt.

0 2005 113 2063 resea-
207 2024 243 2076 2.
280 1997 446 2086 „Verum
470 1996 509 2075 da
532 1994 632 2073 aliud
657 1994 827 2094 quiddam
853 1991 933 2086 est,
974 1994 1068 2095 quod

0 2092 88 2183 qnae
135 2116 221 2185 „me
236 2098 408 2194 impedit,
433 2092 644 2195 silentioque
659 2099 714 2173 uti
725 2096 849 2195 jubet,
874 2120 1063 2193 argumen-

14 2187 112 2252 ΒΜ·
131 2210 238 2286 „tum
257 2219 407 2293 nempe,
432 2196 567 2294 dequo
586 2196 708 2271 dicere
726 2197 877 2272 avebam
898 2196 1057 2294 quidem,

130 2294 217 2386 „sed
233 2295 389 2370 cunttari
410 2312 507 2371 nunc
528 2317 659 2393 cogor,
690 2295 729 2372 &
743 2297 884 2387 haereo;
923 2297 970 2370 de
991 2295 1056 2370 viro

127 2394 254 2488 „enim
275 2395 395 2470 dicere
417 2394 570 2484 institui,
604 2395 666 2491 qui
690 2394 801 2471 homo
824 2396 977 2492 quidem
1001 2393 1059 2469 elle

128 2493 316 2582 „videtur,
342 2492 381 2570 dr
395 2493 480 2569 talis
496 2505 664 2590 apparet:
689 2496 734 2569 iis
752 2516 857 2582 vero,
883 2495 1059 2592 quimag·

127 2592 357 2684 „nitudinem
390 2591 468 2691 ejus
500 2594 672 2680 habitus,
706 2616 898 2690 moresque
933 2594 1057 2669 intueri

128 2690 320 2788 „pollunt,
361 2692 559 2790 majoribus
588 2692 803 2789 quibusdam
839 2695 1056 2769 ornamentis

126 2790 366 2880 „instandum
397 2814 440 2866 ac
465 2813 574 2890 prope
599 2792 731 2869 divinia
754 2792 933 2868 videatur.
985 2792 1081 2867 Neo¹

125 2909 240 2979 „vero
262 2912 398 2984 genus,
432 2906 496 2967 aut
521 2891 681 2987 corporis
705 2891 961 2967 educationem
984 2892 1051 2966 lau·
1088 2934 1094 2957 ι

124 2986 304 3077 „daturus
329 2991 455 3077 venio,
490 3014 558 3066 nec
584 2991 693 3066 robur
716 2991 868 3078 itidem,
909 3012 954 3066 ac
982 2990 1051 3086 pul·

126 3088 412 3181 „chritudinem;
438 3089 519 3164 haec
535 3092 632 3165 enim
647 3106 839 3187 puerorum
855 3090 937 3164 sunt
953 3112 1049 3163 enco·
1081 3081 1094 3166 l·

72 3276 75 3281 ,
124 3186 245 3274 „mia,
274 3209 355 3282 quae
373 3201 494 3265 utrum
515 3207 583 3285 pro
599 3190 774 3284 dignitate
793 3190 979 3271 dicantur,
1001 3191 1049 3263 ¹an
1082 3208 1094 3292 q·

73 3285 77 3293 ’
123 3282 272 3373 „secus,
307 3286 457 3361 minime
484 3281 741 3382 laborandum3
775 3310 895 3363 rerum
928 3288 1049 3385 quippe
1084 3319 1088 3354 ι

121 3385 434 3480 „corruptibilium
458 3388 637 3463 rationem
662 3387 965 3487 pertimescendo,
993 3398 1050 3461 aut
1085 3378 1094 3464 i

123 3479 441 3578 „subterfugiendo
462 3486 654 3583 frigidum,
681 3486 847 3563 acfutile
862 3487 1048 3562 videretur.
1086 3493 1092 3566 Ι

32 3638 45 3658 ,
124 3580 259 3668 „Nunc
275 3605 360 3656 vero
376 3587 473 3682 quod
488 3586 525 3660 in
543 3610 589 3659 eo
604 3585 654 3662 est
670 3586 736 3664 vel·
744 3608 855 3686 prope
872 3588 1049 3674 divinum,
1088 3571 1093 3650 ¹·

122 3679 208 3767 „vel
227 3679 308 3756 Deo
330 3704 440 3780 quam
459 3683 679 3766 simillimum
686 3738 701 3791 ,
731 3684 841 3786 hujus
865 3710 936 3785 ego
954 3708 1048 3797 men·
1090 3741 1093 3748 -

505 3836 513 3843 ··
546 3834 558 3843 ··
957 3804 1047 3877 »ΠΨ
