2430 4366
217 132 221 163 Ι
337 150 339 155 -
769 125 778 163 l
838 132 842 137 “
1092 152 1097 156 -

4 286 9 299 ,
146 206 182 334 J
239 224 327 325 324
430 204 673 321 &Gregorii
685 200 988 324 ,Thammm‘gs

82 431 189 480 =o.10.
243 394 366 490 „srgne
392 392 455 483 fit,
489 392 527 470 dc
550 391 813 470 memorabile?
865 420 922 472 ιο.
957 395 1012 472 Ut
1032 390 1174 491 quiden

243 510 352 585 ,emea
368 493 489 590 opinio
504 493 594 595 sert,
619 493 782 591 quisquis
795 492 911 570 secum
929 491 1174 584 consrderabit,

243 593 362 684 „nihil
377 617 512 668 novum
528 593 708 682 inveniet,
734 586 924 690 priscisque
939 593 1174 691 incognitum.

2 772 6 779 ,
98 715 127 762 v·
139 715 189 761 11·
227 702 330 784 '„11.
357 691 674 779 Quemadmodum
687 705 811 782 autem
826 694 1010 791 praeterita
1027 691 1176 768 oblivio·

243 815 318 882 „ne
334 790 427 866 testa
445 791 545 882 sunt,
570 789 617 867 fic
633 791 821 890 praesentia
839 805 981 889 quoque
999 790 1176 890 progressu
1214 867 1215 872 r

210 899 215 907 '
243 892 445 988 „temporis
469 889 517 966 ad
543 889 702 988 posteros
721 890 761 966 in
784 889 1037 969 obscuritatem
1062 892 1177 969 ibunt.

98 1021 128 1070 r.
137 1014 190 1068 12.
243 1015 330 1082 „tn
357 989 434 1065 Nec
456 1011 544 1064 vero
568 1002 706 1066 temere
731 989 813 1067 iraec
840 989 922 1066 dico
946 986 1181 1069 Ecclesiasten

244 1112 404 1186 „agens3
430 1111 557 1165 verum
571 1089 663 1183 mihi
672 1087 913 1166 Hebraeorum
928 1110 1082 1185 regnum
1090 1088 1179 1165 labe·

67 1230 83 1273 x
244 1188 462 1287 „rosolymis
485 1187 571 1263 fidei
593 1209 687 1264 meae
710 1186 938 1273 commissum
953 1187 1105 1264 babenti
1129 1187 1182 1263 d·

194 1329 197 1333 ·
245 1289 449 1386 ,‚ligenter,
480 1286 716 1363 &accurate
748 1288 871 1393 omnia
894 1285 1066 1386 perpensa
1087 1285 1178 1362 sunt

101 1443 132 1492 υ,
142 1438 194 1509 13,
245 1415 332 1486 „13.
358 1388 470 1464 Porro
481 1398 600 1462 totam
612 1408 734 1489 rerum
745 1400 913 1463 naturam
924 1385 1180 1485 perscrutatus,

117 1532 120 1539 ·
146 1530 161 1556 .·
245 1499 384 1586 „atque
400 1483 602 1583 ingeniose,
629 1485 668 1562 dc
687 1484 862 1583 sapienter
877 1486 915 1562 in
933 1509 977 1561 ea
990 1484 1181 1582 cogitatio-

95 1618 98 1623 ·
243 1611 318 1679 „ne
331 1585 511 1675 versamus,
533 1608 616 1662 eam
629 1586 789 1661 maxime
803 1588 941 1685 variam
955 1585 1094 1682 reperi:
1108 1583 1181 1659 bo·

27 1695 31 1709 ·
241 1686 362 1778 „mini
386 1687 484 1762 enim
508 1685 548 1759 in
571 1697 668 1761 terra
691 1684 874 1761 laboribus
897 1685 1028 1760 vexari
1055 1683 1181 1761 datum
1211 1698 1215 1752 l

245 1783 323 1875 „est
336 1784 450 1876 alias,
475 1783 548 1860 alia
564 1805 738 1860 aerumnae
755 1781 959 1872 occasione,
982 1781 1180 1866 frustrain·

101 1914 133 1965 o,
142 1889 206 1976 14.?
246 1884 411 1975 „voluto
465 1908 521 1981 14.
546 1884 684 1984 Spiritu
717 1896 841 1961 autem
877 1870 1106 1981 prodigioso,
1145 1879 1178 1959 dt

246 1981 477 2074 „execmndo
507 1985 630 2059 omnia
653 1983 734 2058 haec
758 1981 928 2059 inferiora
950 1981 1059 2080 plena
1082 1978 1174 2069 sunt,
1200 2057 1215 2086 p,

102 2104 196 2174 aas.
246 2105 335 2177 ‚‚15.
370 2083 462 2158 adeo
483 2093 526 2158 ut
550 2105 595 2157 ea
618 2081 789 2176 colligere
811 2104 919 2158 nemo
944 2091 1077 2178 queat,
1109 2079 1173 2155 imo

246 2205 321 2272 „ne
338 2184 485 2256 omnino
502 2182 648 2281 quidem
671 2180 853 2276 cogitare,
877 2189 1013 2278 quanta
1032 2201 1093 2255 res
1115 2178 1171 2254 hu·

103 2305 134 2365 o.
147 2280 199 2349 16.
246 2302 400 2373 „manas
425 2280 623 2355 absurditas
646 2279 820 2357 infecerit.
848 2279 851 2286 ’
884 2285 939 2356 ιό.
974 2278 1074 2355 Nam
1099 2300 1171 2356 cum
1201 2356 1202 2362 r

247 2381 417 2471 „mecum
435 2378 506 2475 ipse
520 2378 714 2476 aliquando
730 2377 961 2477 reputassem,
986 2401 1055 2461 me¹
1067 2376 1169 2453 omni«
1200 2456 1215 2480 Ε

248 2479 362 2569 ‚,bus,
392 2481 555 2574 quiante
575 2501 635 2554 me
654 2477 814 2567 fuissent,
838 2478 909 2554 hac
927 2479 966 2555 in
986 2499 1028 2553 re
1046 2476 1169 2574 sapien·

106 2606 136 2654 o.
145 2601 196 2670 17.
247 2579 404 2669 „tiorem
426 2577 513 2666 else,
561 2601 617 2676 17.
651 2576 689 2651 in
709 2580 869 2654 animum
890 2601 1015 2652 meum
1033 2576 1168 2664 induxi,

230 2690 354 2766 ·„tum
375 2676 565 2774 parabolas
585 2677 807 2773 intelligere,
836 2687 916 2752 tum
934 2697 1056 2751 rerum
1078 2686 1215 2782 natuff!

105 2813 137 2858 o.
147 2803 197 2868 18·
249 2798 346 2866 „ras
411 2791 466 2860 18.
504 2776 688 2852 Caeterum
712 2775 879 2851 incassum
909 2775 1000 2850 mihi
1024 2775 1072 2849 ad
1101 2786 1215 2868 eamp

249 2896 353 2966 „rem
372 2875 535 2950 animum
552 2873 714 2949 conferre
729 2874 826 2950 visus
846 2872 942 2961 sum,
976 2873 1096 2970 quod,
1126 2869 1191 2959 uti]

249 2972 485 3068 „sapientiam
507 2974 650 3049 scientia
676 2974 854 3072 sequitur,
878 2972 930 3049 ita
947 2971 1105 3050 scientiae
1121 2971 1191 3047 σοι’

250 3073 387 3165 „mites
411 3071 478 3148 srnt
503 3073 656 3150 labores.
749 3103 752 3107 ·

466 3282 888 3388 scaeuru.

68 3458 165 3556 Vada
178 3503 233 3550 oo·
324 3467 428 3545 Vers.
443 3495 474 3545 1.
509 3469 628 3559 „Haec
650 3471 762 3567 igitur
782 3469 829 3546 ad
852 3469 949 3544 hunc
972 3467 1123 3558 modum
1144 3467 1172 3543 se
1192 3475 1215 3580 ξ

65 3573 200 3658 aptatas·
251 3569 411 3664 „habere
436 3568 651 3657 arbitratus,
692 3569 848 3645 alterurn
871 3570 958 3645 vitae
982 3591 1100 3665 genus
1123 3591 1196 3657 cra,

117 3675 188 3733 M·
248 3669 407 3770 „pellere
423 3669 608 3770 proposui,
639 3667 849 3784 deliciisque
864 3682 1002 3752 memet
1015 3668 1197 3769 madero.

44 3793 49 3809 ⁸
339 3822 342 3827 ·
632 3793 641 3841 ’.·
850 3813 852 3819 ·
1091 3787 1198 3866 „vav
