2430 4366
252 242 306 313 ru
595 213 635 300 S.
657 210 842 327 Cypriani

251 409 335 487 „ter
355 396 560 472 adhaerere.'
614 395 726 473 Nulla
749 396 789 471 in
809 393 962 471 clientes
978 394 1067 472 inde
1085 394 1188 493 lurgi-

23 584 37 603 .
251 498 332 589 „tio
352 494 420 608 eli,
455 519 537 569 curn
563 493 808 609 indigentibus
832 493 1123 591 nulla-partitio,
1152 494 1191 578 or

109 604 114 619 '
251 618 469 709 „pecunram
490 594 588 669 suam
605 596 750 709 dieunt,
777 616 888 690 quarn
908 594 1191 709 velutulienum

252 695 379 784 „dorm
397 691 869 866 clausurnsolhcrtollgbore
890 691 1118 866 cugiodrmt,
1143 716 1189 777 ex,

251 816 350 984 :rr
368 813 1097 1005 torrentenr‘irruru
1119 816 1214 987 u

253 1005 444 1083 „tuntum‚
469 1014 516 1066 ne
535 991 641 1066 alten
661 988 834 1088 poffidere
859 989 979 1077 liceat.

329 1215 362 1284 9.
391 1186 478 1277 „An
497 1200 539 1267 tu
555 1186 614 1263 vel
631 1186 716 1266 illos
737 1200 846 1285 putas
864 1197 986 1274 tutos,
1017 1182 1106 1273 illos
1124 1182 1183 1271 ful,
1212 1260 1214 1269 ,

253 1298 356 1378 „tem
376 1270 470 1363 inter
488 1288 669 1365 honorum
687 1286 846 1375 infulas,
869 1307 962 1382 quos
978 1282 1114 1379 regalis
1127 1308 1183 1362 au·
1206 1274 1214 1381 j*

254 1387 328 1477 „lae
364 1387 550 1484 splendore
574 1386 761 1480 fulgentes
792 1408 976 1461 armorum
1009 1384 1211 1483 exeubauqf

253 1488 374 1577 „tium
399 1487 516 1563 tutela
540 1483 771 1561 circumstat?
812 1483 930 1580 Major
954 1482 1050 1571 illis,
1083 1504 1183 1579 quatu
1206 1488 1212 1586 J

252 1586 424 1679 „caeteris
443 1598 564 1661 metus
579 1584 649 1674 est,
684 1598 762 1661 tam
782 1583 845 1660 ille
870 1585 999 1660 timere
1028 1584 1182 1679 cogitur,
1207 1614 1211 1621 ·

46 1764 49 1783 Ι
251 1708 392 1781 „quam
408 1686 568 1763 timetur.
615 1686 735 1771 Quam
760 1682 902 1763 seouros
924 1707 996 1756 non
1021 1679 1106 1757 sinit
1124 1680 1183 1757 erte

136 1866 139 1885 Ι
251 1783 472 1881 ‚,subjettos,
498 1797 576 1859 tam
591 1784 728 1859 necelle
747 1782 817 1871 est,
841 1780 1029 1863 nonsit&
1049 1780 1122 1879 ipse
1140 1780 1183 1866 ro,

252 1905 399 1974 „curus
451 1883 551 1959 Ante
569 1882 664 1978 ipsos
683 1894 796 1958 terret
817 1880 971 1977 potestas
992 1878 1090 1969 sua,'
1102 1900 1184 1977 quor

249 1982 367 2074 „facit
383 1981 451 2056 elle
465 1981 664 2060 terribiles:
690 1981 848 2083 arridet,
872 1992 917 2055 ut
933 1978 1071 2067 saeviat,
1092 1980 1181 2063 blun-

250 2082 394 2173 „ditur,
422 2096 464 2155 ut
478 2080 602 2167 fallat,
628 2078 754 2169 illicit,
781 2092 823 2155 ut
838 2080 1000 2168 occidat,
1027 2078 1185 2169 extollit,

251 2193 320 2272 „ut
336 2180 533 2277 deprimatr
560 2179 699 2254 foenore
716 2180 875 2276 quodam
891 2178 1060 2268 nocendi,
1084 2200 1184 2275 quarn

251 2278 389 2369 „fuerit
417 2279 571 2378 amplior
599 2277 736 2353 summa
766 2279 974 2375 dignitatis,
1009 2276 1049 2352 δι
1080 2280 1185 2361 bonuz

249 2400 379 2468 ‚,rum,
405 2390 481 2455 tam
496 2377 613 2475 major
629 2378 787 2472 exigitur
802 2380 909 2461 usura
925 2376 1129 2477 poenorum.
1176 2448 1181 2457 ,

73 2570 209 2643 emona
328 2601 383 2650 10.
411 2554 648 2671 „Unaigitur
668 2573 830 2673 placida,
863 2573 901 2650 or
920 2573 994 2651 fida
1013 2547 1187 2671 tranquil}

70 2670 198 2731 mm·
252 2673 383 2788 ‚,litas:
416 2699 488 2750 una
506 2674 640 2762 solida,
672 2673 710 2750 δι
722 2672 851 2787 firmo,
885 2672 923 2749 δι
946 2670 1188 2787 perpetualem·
1207 2724 1210 2731 ·

68 2739 237 2910 ''2253259'
250 2787 434 2864 ‚,cur1tas‚
460 2774 567 2869 siquis
583 2775 629 2849 ab
647 2774 704 2852 lus
720 2774 957 2869 inquietantis
973 2772 1098 2847 saeculr
1113 2788 1188 2861 tur?

68 2846 214 2989 {manag
250 2873 420 2963 „binibus
449 2873 651 2960 entellus,
690 2871 854 2951 salutaris
883 2868 1011 2969 por'tus
1036 2872 1188 2959 statione

79 2978 84 2986 '
248 2972 449 3064 „fundatus
470 2973 519 3046 ao
537 2972 670 3047 coelum
687 2971 814 3047 oculos
834 2972 941 3049 tollat
958 2996 981 3047 a
997 2974 1125 3059 terris,
1150 2969 1189 3057 δι

250 3071 358 3161 „Deo
377 3070 438 3145 suo
455 3084 578 3147 mente
596 3070 672 3168 jam
692 3071 878 3168 proximus
896 3071 1073 3167 quidquid
1091 3070 1190 3171 aput}

249 3184 430 3259 „coeteros
453 3171 491 3244 in
516 3171 625 3246 rebus
643 3171 812 3245 humenis
827 3168 995 3259 sublime,
1025 3193 1071 3245 ac
1085 3192 1189 3265 mag·

249 3292 364 3359 „nuru
382 3270 543 3353 videtur,
568 3270 663 3343 intra
678 3269 778 3349 suurn
793 3266 913 3366 jacere
931 3269 1186 3355 conscientiam

248 3368 460 3461 „glorietur
526 3367 629 3443 Nihil
654 3382 822 3465 appetere
849 3368 944 3466 jam,
977 3368 1070 3448 nihil
1097 3364 1186 3453 deii·

248 3470 401 3557 „derare
428 3468 473 3540 de
499 3466 630 3542 saeculo
654 3467 788 3564 potest,
825 3470 887 3564 qui
914 3468 1044 3544 saeculo
1072 3464 1189 3563 major

247 3564 335 3656 „elit
387 3567 505 3651 Quum
529 3565 682 3652 stabilis,
715 3588 823 3662 quam
849 3566 1052 3643 inconculla
1071 3564 1188 3643 tutela

248 3664 344 3762 ‚,est,
376 3687 484 3762 quam
508 3665 725 3763 perennibus
749 3666 855 3747 bouis
876 3665 1026 3753 affluens
1044 3664 1189 3752 eoeleste

1071 3788 1190 3866 „prae-
