2430 4366
148 226 231 322 rga
360 238 380 283 .·
488 156 529 294 8.
553 182 770 322 Cypriani*
793 204 812 267 ····
851 256 855 265 -

147 390 252 485 alam
273 390 400 481 saevit,
436 390 476 467 or
497 391 571 487 ipsa
587 392 741 467 audacia
765 390 825 465 sua
845 400 927 465 ruta
951 389 990 465 iu

150 492 259 583 ,luce
274 492 664 591 abruptae-cupiditatis
682 512 782 566 arma
800 490 996 586 prostituit

150 592 225 682 ¹,de
237 589 389 681 falsarii,
421 592 505 667 inde
527 591 710 679 venefici,
732 588 817 666 inde
836 591 876 663 in
895 588 1000 663 media

151 693 293 781 „vitate
317 688 430 766 ficarii
447 693 590 767 tam'ad
614 688 838 788 peccantium
862 688 1000 785 praecipf

141 806 289 886 '·„quarn
305 790 454 885 impune
465 804 668 887 peccantes.
719 786 756 865 A
770 802 934 863 nocente
950 788 1000 861 cri

142 889 500 981 ,admittitursnuc
520 892 715 977 innocens,
743 889 806 985 qui
820 888 1000 962 vindicet.

145 989 331 1080 ·‚,venitur.
383 986 446 1064 De
467 992 691 1075 accusatore,
723 989 785 1061 vei
813 985 1000 1084 judicer·

141 1087 315 1179 ·,·,nulius,
330 1089 583 1185 impunitatem
599 1086 862 1183 consequuntur
876 1085 980 1172 mali,

13 1228 44 1295 χῖ
150 1184 328 1279 ‚·tmodesti
352 1202 494 1273 tacent,
523 1192 655 1264 timent
674 1185 826 1271 conscii,
851 1208 1000 1263 venen:

0 1809 126 1892 mutan

0 1892 66 1977 ‘asir

150 1286 343 1376 „dicaturi
381 1287 534 1363 Peccata
550 1291 692 1383 itaque,
716 1284 756 1361 δι
771 1284 900 1359 delifta
917 1306 1000 1379 rep

143 1400 268 1475 ‘„tur,·
282 1384 509 1462 conscientiae
525 1388 676 1463 vulnera
695 1385 921 1480 cogitentur,
943 1382 1000 1465 oe

142 1496 241 1575 .-„net
257 1487 505 1582 unusquisque
526 1487 573 1561 de
594 1486 691 1572 Deo,
723 1485 783 1557 vel
806 1485 853 1557 de
877 1483 1000 1563 nobis

141 1584 297 1681 :,··‚queri,
322 1582 369 1673 ir,
392 1587 491 1683 quod
506 1586 662 1685 patitur,
688 1582 870 1679 intelligat
887 1580 924 1656 se
941 1604 999 1662 tn

148 1776 170 1829 ·'
223 1806 257 1855 2.
290 1778 494 1855 Vindicatia
518 1780 590 1855 hoc
612 1780 724 1855 modo
739 1778 956 1857 ⁴Christianis
980 1808 1000 1861 a

147 1877 286 1954 lumnia
309 1877 526 1969 iniciuntur,
557 1878 596 1956 S.
621 1880 828 1979 Cyprianus
851 1878 1000 1957 Demetr.

14 2000 105 2061 qusn-
146 1977 608 2055 tormentorumeinufitata
635 2000 768 2077 genera
791 1976 990 2055 Christiani

1 2168 14 2211 ¹·
27 2160 100 2225 281.

0 2082 25 2126 ··
143 2076 241 2153 -flieta
257 2077 470 2174 exprobrat,
505 2079 650 2155 dicens:
693 2079 853 2168 „Parum
877 2075 1000 2177 estrq'

148 2178 373 2264 „furentium
389 2179 565 2254 varietate
583 2180 776 2264 vitiorum,
788 2176 902 2273 'quod
919 2198 1000 2251 cruer

147 2296 255 2364 „rum
275 2278 489 2375 compendio
508 2279 713 2376 rapinarum
730 2279 806 2351 vita
826 2274 938 2348 vestra
958 2298 1000 2350 mr

146 2375 292 2465 ,‚latur,
321 2376 419 2470 quod
439 2377 741 2474 superstitionibus
758 2373 856 2448 falsis
878 2373 1000 2468 religio

138 2472 242 2562 ·„stra
257 2474 482 2564 subvertitur,
507 2476 606 2573 quod
621 2476 720 2551 Deus
734 2478 884 2550 omnino
903 2496 968 2546 nec
982 2496 1000 2569 q

136 2574 276 2662 ›„ritut,
301 2596 369 2647 nec
385 2574 552 2651 timenrr:
578 2575 699 2650 adhuc
717 2574 858 2669 insuper
874 2571 943 2646 Dei
964 2571 1000 2647 ie

144 2672 209 2762 „tir
230 2670 426 2768 majestati,
457 2697 502 2749 ac
520 2674 660 2749 nomini
681 2672 759 2767 ejus
780 2672 921 2746 dicatos
946 2670 1000 2767 injr

143 2770 476 2867 „persecutionibus
493 2775 652 2868 agitatis.
685 2771 784 2848 Satis
798 2796 871 2845 uon
887 2768 958 2855 est,
984 2793 1000 2867 q

143 2870 244 2967 „ipse
259 2884 303 2948 tu
319 2870 442 2945 Deum.
456 2896 531 2946 non
547 2874 660 2957 colis,
690 2871 810 2944 adhuc
834 2868 976 2964 iusuper
995 2900 1000 2939 t

144 2973 233 3064 „qui
250 2969 398 3055 colunt,
421 2970 591 3067 sacrilega
606 2970 831 3045 infestatione
848 2966 1000 3065 persequ«

133 3068 291 3171 .„Deum
308 3092 376 3143 nec
392 3070 504 3159 coiis,
531 3094 599 3145 nec
618 3070 690 3145 coli
711 3071 858 3144 omnino
880 3071 1000 3163 permit

135 3165 209 3256 ·‚‚&'
233 3191 318 3243 cum
344 3168 486 3257 caeteri,
520 3171 582 3265 qui
606 3194 679 3245 non
703 3180 848 3243 tanturn
870 3167 935 3241 iiia
959 3166 1000 3242 in

1 3293 2 3298 ¹
132 3266 287 3351 ¹„idola,
309 3266 349 3342 or
364 3290 475 3344 manu
494 3269 653 3344 hominis
673 3267 766 3343 satia
784 3264 994 3352 fimulacra,

139 3363 206 3455 »ἃ
223 3380 389 3461 portenta
406 3368 595 3464 quaedam,
621 3368 659 3443 &
675 3365 832 3441 monstra
847 3388 1000 3440 veneran

135 3465 235 3554 ·„tibi
253 3466 432 3561 placeant,
448 3467 543 3541 solus
561 3466 726 3563 displicet
742 3465 811 3541 Dei
828 3464 959 3541 cultor.

136 3577 270 3652 „mant
290 3565 422 3661 ubique
434 3572 478 3641 ·in
494 3566 641 3663 teinplis
657 3566 780 3640 vestris
799 3564 991 3639 hostiarum

134 3661 233 3753 usta,
243 3718 248 3727 ·
259 3662 298 3739 ἂ
315 3667 394 3762 rogi
410 3664 605 3764 pecorum,
631 3665 670 3743 δι
687 3666 757 3741 Dei
773 3664 902 3741 altaria
921 3662 979 3739 vel
