2430 4366
382 232 622 354 spfflm'
886 264 1012 359 ΒΗ

105 423 226 511 icam,
256 420 320 498 led
342 420 526 513 breviore,
559 421 599 500 dr
618 424 757 500 minore
777 427 943 502 mensura

105 524 195 599 reris
225 520 363 610 divini,
395 544 440 597 ac
461 522 617 620 Spiritus
641 522 768 613 saneti,
806 540 847 601 ut
876 528 952 601 ba·.

105 632 186 697 ntur
214 619 364 717 quidem
386 621 594 714 Christiani,
627 648 702 701 non
729 622 796 699 saut
819 635 947 703 tamen

105 721 175 795 eris
194 716 444 815 adaequandi?
493 722 593 810 Quin.
607 721 681 797 imo
696 718 850 820 Spiritus
867 720 946 799 ian·

118 842 202 895 non
219 818 268 894 de
278 816 446 895 mensura
459 818 585 909 datur,
610 820 671 896 led
684 820 787 918 super
799 820 947 897 creden·

130 930 243 995 totus
265 917 477 995 infunditur.
535 918 648 996 Plane
674 920 803 997 eadem
831 920 949 1017 gratia

105 1016 225 1107 ulis,
263 1038 346 1114 quau
369 1017 559 1115 aequaliter
581 1019 620 1094 in
636 1019 853 1117 baptismos
868 1042 946 1127 οπο·Ι

105 1117 208 1193 ibus
238 1114 410 1206 sumitur,
442 1118 481 1193 in
508 1117 798 1207 conversatione,
836 1128 948 1216 atque

129 1215 263 1291 nostro
283 1216 509 1314 postmodum
528 1218 722 1307 minuitur,
754 1216 815 1294 rel
835 1239 948 1313 auge·

147 1314 294 1405 Quodsi
317 1316 514 1412 aliquis·iu
539 1316 606 1393 illo
632 1327 829 1405 movetur,
850 1314 951 1489 pund

106 1436 178 1491 em
202 1414 252 1491 de
272 1417 340 1504 iis,
377 1415 439 1513 qui
456 1416 546 1512 aegri
566 1416 816 1514 baptizantur,
863 1414 948 1513 piri·

106 1534 127 1589 s·
145 1512 281 1629 adhue
298 1515 497 1629 immundis
519 1527 727 1604 tentantur,
761 1513 848 1591 sciat
871 1514 950 1589 dia·

106 1613 948 1829 taurum
1080 1674 1102 1815 ς

107 1832 156 1889 1ae
185 1811 266 1889 luae
286 1834 386 1888 mnas
406 1826 585 1889 amittere.
635 1814 776 1910 Qmppe
794 1812 867 1887 buc
882 1811 949 1887 ad·

107 1910 647 2089 astruuntur
664 1910 1099 2099 dfflitt

645 2065 657 2100 2
872 2062 884 2099 θ

107 2124 258 2209 preatm
270 2109 457 2201 diabulus,
531 2133 615 2189 cum
631 2110 732 2186 exire
748 2108 804 2201 se,
828 2109 868 2187 dr
883 2110 947 2186 hu·
960 2098 1101 2185 ΜΝ

107 2232 151 2285 es
169 2208 246 2285 Dei
262 2209 444 2285 dimittere
457 2208 553 2306 saepe
564 2210 683 2298 dicat,
702 2211 740 2285 in
754 2232 800 2284 eu
811 2220 948 2299 tamen,
982 2202 1015 2268 Ρ·
1027 2199 1103 2248 ²¹²·

107 2310 132 2385 d
156 2309 318 2396 dixerit,
348 2308 471 2385 fallat:
504 2332 588 2385 curn
610 2322 735 2385 tamen
752 2307 801 2385 ad
818 2329 952 2405 aquam
981 2360 984 2365 ,

109 2422 256 2490 tarem,
273 2407 443 2505 atquead
456 2408 627 2505 baptismi
641 2407 956 2486 lantlilicatiouem
1030 2422 1033 2429 ’

107 2510 207 2595 itur,
235 2505 324 2582 scire
340 2506 538 2595 debemus,
562 2507 600 2584 dr
615 2507 748 2594 fidere,
772 2507 858 2604 quia
879 2506 954 2582 illic

108 2607 213 2682 >olus
240 2607 472 2703 opprimitur,
507 2605 545 2683 dr
570 2607 684 2683 homo
706 2606 786 2681 Deo
812 2606 957 2681 dicatus

108 2730 164 2781 na
193 2705 421 2800 indulgentia
449 2704 633 2782 liberatur.
691 2706 775 2780 Hoc
802 2704 957 2800 denique

108 2807 212 2881 ’ebus
239 2803 322 2904 ipsas
347 2804 573 2900 experimur,
605 2817 647 2880 ut
670 2802 873 2880 uecellrtate
897 2825 957 2877 ur·

109 2918 149 2981 te
184 2905 225 2979 in
257 2904 472 3000 aegritudine
503 2903 698 3001 baptizati,
736 2902 788 2980 dr·
805 2901 961 2998 gratiam

110 3002 229 3079 secuti
250 3016 396 3083 ceream
415 3002 605 3077 immundo
627 3001 771 3100 spiritu,
799 3023 872 3098 quo
893 3024 959 3075 an·

117 3101 386 3188 movebantur,
419 3098 457 3176 dt
475 3098 698 3192 laudabiles,
730 3124 774 3176 ac
792 3099 959 3198 probabi·

113 3204 156 3278 in
178 3201 339 3277 Ecclesia
356 3200 502 3290 vivant,
559 3198 689 3296 iusque
712 3222 776 3297 per
793 3199 872 3275 dies
891 3197 960 3272 sm-

108 3324 152 3375 os
169 3300 207 3375 in
231 3310 468 3395 augmentum
483 3223 635 3375 coeiestis
652 3298 780 3395 gratiae
794 3318 858 3395 per
873 3296 961 3374 fidei

109 3411 272 3475 sementa
294 3397 502 3496 proficiant:
535 3395 574 3474 ἃ
598 3411 724 3475 contra
751 3395 843 3494 laepe
868 3420 959 3472 non·

111 3498 209 3574 lide
228 3497 322 3583 illis,
347 3498 409 3593 qui
428 3496 669 3595 baptizantur,
693 3495 961 3593 fipostmodum

109 3619 200 3673 aare
217 3596 410 3694 coeperint,
436 3595 560 3692 spiritu
579 3596 770 3673 immundo
785 3594 961 3671 redeunte

109 3699 284 3790 ttiuntur,
316 3707 358 3773 ut
377 3694 604 3875 manifgstum
621 3694 684 3786 stt,
714 3693 899 3867 diabuluug
923 3693 962 3769 lu

558 3818 578 3896 5
849 3844 875 3883 υ
901 3813 963 3890 aP¹'
