2430 4366
210 210 218 229 ³
380 230 569 365 Epzflolae.
707 226 710 233 ’
798 268 803 287 ’
895 258 1034 366 γςῇ

121 429 307 604 lncamue,
333 454 417 530 quae
432 456 580 522 aurum,
603 430 643 510 δι
657 443 848 530 argentum
863 434 952 511 dhre

131 555 207 605 con
228 548 425 623 ueverant,
450 534 612 631 accipere
628 530 842 633 cooperunt?
879 534 952 610 lm·.

113 646 232 705 amnt
253 654 399 729 quoque
419 633 614 729 compedes
658 634 785 708 edibus
805 631 951 737 vesiris,

113 728 244 806 icum
268 731 594 830 corporoligetur,
690 731 854 829 spiritus,
885 744 955 807 aut
1018 792 1029 809 .

113 850 157 903 nn
183 829 347 907 vestrum
373 830 459 907 ferri
485 831 702 927 contagione
725 829 957 929 mandetur,

114 942 252 1005 menta
276 930 357 1006 sunt
381 931 542 1046 istatnon
566 931 732 1020 vincula,
757 952 827 1007 nec
847 929 957 1007 Chri·

113 1029 641 1207 usui
659 1026 958 1205 fb}

113 1248 122 1300 s
143 1227 272 1314 letto,
306 1227 344 1306 dc
366 1229 528 1304 culcitris
546 1250 696 1327 corpus,
726 1228 786 1317 sed
804 1228 959 1322 renige-

125 1325 172 1402 &
195 1325 330 1403 solatio
347 1327 478 1405 Christi
494 1329 650 1406 fovetur.
697 1328 812 1429 Humi
829 1325 954 1423 jacent

133 1426 337 1504 laboribus
360 1428 514 1518 viscera,
550 1429 611 1503 sed
644 1448 750 1525 poena
771 1442 854 1501 lnon
881 1424 963 1519 est,

134 1525 292 1607 christo
319 1527 462 1625 jacere:
503 1527 695 1626 Squallent
718 1525 791 1601 sme
812 1524 958 1601 balneis
1063 1578 1067 1597 .

113 1624 200 1701 lbra
223 1624 313 1715 sr'tu,
345 1627 384 1702 dc
414 1626 515 1702 sorde
543 1627 740 1715 deformia,
773 1623 834 1700 sed
857 1623 986 1721 spiris,

113 1746 151 1799 er
182 1725 292 1801 intus
313 1726 493 1812 abluitur,
528 1728 626 1823 quod
650 1727 740 1800 foris
767 1723 962 1799 carnaliter:

112 1824 256 1899 idatur.
314 1826 423 1900 Panis
445 1825 521 1901 illic
545 1827 721 1923 exiguus3
760 1836 801 1903 at
821 1836 896 1898 non
918 1822 962 1899 iu
987 1814 995 1835 “

127 1946 234 2019 pane
258 1925 349 1998 vivit
374 1925 505 2013 homo,
543 1926 604 2001 sed
630 1924 667 1999 in
691 1924 852 1998 sermone
877 1921 964 1997 Deio
1079 1984 1082 2002 .

113 2023 152 2097 ds
172 2022 388 2119 algentibus
406 2023 521 2117 deest3
547 2024 608 2099 sed
626 2024 688 2121 qui
705 2021 885 2101 Christum
904 2021 962 2094 in·
1125 2108 1129 2113 ¹

113 2144 137 2209 :,
173 2121 220 2199 dc
243 2124 390 2200 vestitus
410 2124 658 2211 abundanter,
692 2121 731 2198 dc
754 2122 878 2215 cultus
898 2116 961 2197 est.
1016 2164 1023 2183 ι

113 2220 237 2297 ritonsr
259 2223 387 2318 capitis
405 2222 558 2320 capillus
578 2221 768 2310 horrescit,
785 2219 852 2294 sed
873 2241 961 2295 cum

113 2339 214 2418 aput
232 2323 300 2395 viri
319 2321 498 2410 Christus,
525 2323 775 2420 qualecunque
792 2318 884 2395 illud
901 2340 964 2393 ca·
1059 2406 1062 2413 ,

120 2422 280 2508 deceat,
306 2422 440 2496 necesse
457 2422 528 2510 est,
555 2422 655 2518 quod
669 2423 716 2496 ob
732 2420 882 2494 Domini
896 2440 965 2492 no·

113 2543 125 2594 ι
141 2517 285 2615 insigne
301 2518 359 2595 est.
411 2520 539 2595 Omnis
557 2520 621 2596 illa
642 2520 857 2595 deformitas
873 2538 966 2612 qua*

113 2618 286 2715 olendore
310 2618 541 2716 pensabitur?
591 2618 670 2695 Nec
692 2621 729 2694 in
752 2618 817 2693 illo
841 2616 967 2710 aliqua

113 2718 160 2793 est
177 2718 464 2814 autreligionis,
490 2735 555 2795 aut
570 2718 656 2794 fidei
674 2716 811 2816 jahura
829 2714 964 2805 sentiri,

113 2819 144 2892 d
161 2842 263 2896 nunc
278 2818 352 2892 illic
366 2819 625 2895 Sacerdotibus
634 2818 703 2892 Dei
717 2816 876 2893 facultas
892 2836 967 2887 non

113 2940 156 2993 ur
185 2915 383 3004 offerendi,
421 2919 459 2994 ἂ
483 2916 692 2993 celebrandi
716 2914 888 2990 sacrificia
913 2912 970 2985 di·

113 3042 144 3093 a.
200 3014 423 3104 celebratis,
455 3019 531 3093 imo
553 3030 663 3114 atquc
682 3014 822 3090 offertis
839 3010 971 3087 sacrifi·

113 3141 148 3190 m
172 3115 272 3201 Deo,
305 3115 343 3191 dc
369 3117 562 3212 pretiosum
585 3117 741 3215 pariter,
774 3113 812 3189 dc
838 3111 973 3207 glorio·

113 3240 142 3302 n,
162 3213 202 3290 dc
219 3214 390 3313 phimum
405 3218 507 3291 vobis
524 3217 571 3289 ad
585 3214 861 3289 retributionem
877 3230 975 3307 proe-

113 3337 211 3388 ›rum
244 3314 440 3389 coeleslium
473 3314 727 3413 profuturum,
767 3334 850 3387 curn
875 3307 976 3384 Scri·

113 3434 161 3487 ‚ra
187 3413 310 3487 divina
341 3414 455 3489 dicat:
495 3413 704 3507 Sacrificium
729 3411 802 3485 Deo
829 3407 974 3506 spiritus
1122 3502 1125 3513 Ι

113 3509 291 3586 tribulatus
308 3511 376 3588 sse.
404 3513 459 3611 Pſs
474 3538 531 3607 50.
574 3503 657 3587 Hoc
675 3533 740 3585 vos
758 3506 974 3584 sacrificium

115 3638 135 3683 o
156 3609 294 3684 olienis
307 3610 432 3686 hostiae
449 3611 531 3686 fasti
550 3613 640 3696 Deo,
666 3603 977 3700 &vosmetipsos
1098 3612 1104 3673 ἱ

113 3710 217 3802 dtas,
243 3708 550 3791 &immaculatas
567 3704 729 3789 vidimus
748 3709 977 3879 exhibemus,

856 3857 882 3897 ,‚
917 3827 979 3878 ατη.
