2430 4366
448 356 453 369 Ι
511 223 703 342 Epistola.
838 308 841 313 .
1027 198 1083 345 gp
1147 298 1184 329 ,.

132 414 235 509 ustus
259 414 512 513 pugnantem,
542 410 860 509 &persecutionis
885 412 991 491 causa
1015 437 1082 513 pm
1200 450 1204 463 .

137 514 329 607 „mininis
342 511 398 589 sui
410 512 548 587 honore
560 512 729 587 morienti
742 512 935 641 proeminnr
948 514 1081 591 reddit,

411 681 673 759 Eerssonn
709 680 820 759 LVII.

205 812 361 891 hunt
379 812 440 888 hic
457 811 497 889 S.
513 812 719 910 Cyprianus
739 814 780 888 in·
795 814 1023 891 S.·Cornelio
1041 815 1080 893 in
1099 841 1205 910 Sana,-

135 910 292 989 exilium
305 917 354 989 ob
363 911 491 989 Christi
506 912 757 988 consessionem
770 913 885 1000 millo,
903 912 981 1010 ejus
994 938 1079 989 con·
1100 928 1169 993 coeto
1192 965 1195 977 ι

134 1012 328 1102 stantiam,
361 1008 400 1087 ὅ(
423 1010 553 1085 deinde
574 1025 697 1105 rogat:
735 1013 946 1107 „Memores
972 1013 1080 1089 nostri
1099 1015 1179 1076 oiois

140 1109 325 1203 ,invicem
351 1109 458 1185 sunus
482 1111 699 1198 concordes,
736 1125 845 1207 atque
867 1112 1077 1201 unanimes,
1099 1106 1201 1161 “⁰³²-

144 1210 362 1306 „utrobique
383 1232 448 1307 pro
471 1210 575 1301 nobis
597 1209 734 1307 semper
756 1228 921 1298 oremus,
948 1210 1078 1307 pressu·
1121 1201 1182 1267 P*
1212 1224 1214 1232 ’

140 1330 244 1403 nm,
271 1307 312 1384 ἂ
328 1306 507 1404 angustias
523 1320 651 1383 mutua
669 1308 845 1384 charitate
859 1310 1078 1401 relevemus,
1139 1380 1143 1385 .
1210 1360 1213 1365 -

141 1408 203 1501 ‚‚&
223 1406 337 1505 siquis
351 1406 476 1481 isthinc
493 1406 649 1483 nostrum
672 1407 767 1503 prior
787 1407 1006 1503 dignationis
1022 1410 1078 1485 di·

143 1509 260 1597 „vinae
285 1505 473 1581 celeritate
491 1506 725 1601 praecesserit,
757 1508 957 1603 perseveret
980 1509 1078 1604 apud
1182 1512 1189 1519 “

144 1606 368 1699 „Dominum
386 1604 503 1679 nostra
522 1604 686 1691 diletiio,
721 1627 786 1701 pro
809 1606 1003 1695 fratribus,
1038 1606 1076 1683 δι

144 1706 348 1799 „sororibus
375 1702 501 1777 nostris
528 1705 626 1801 apud
651 1702 932 1781 misericorditem
957 1704 1077 1781 Patris
1167 1738 1172 1763 ·

150 1830 235 1897 „non
261 1802 371 1879 cesset
395 1803 523 1878 oratio.

395 1972 652 2050 Entsroua
687 1972 815 2050 LVIII.

210 2104 243 2185 S.
252 2103 464 2202 Cyprianus
480 2105 682 2200 gratulatur
697 2105 735 2181 S.
745 2105 860 2181 Lucio
868 2104 976 2201 Papae
990 2127 1075 2181 curn

147 2204 295 2299 Collegis
325 2202 416 2289 suis,
454 2204 498 2277 de
522 2205 641 2278 reditu
673 2206 718 2278 ab
749 2204 879 2293 exilio,
918 2203 1075 2293 docens,

144 2304 198 2396 „in
217 2304 489 2378 Confelloribns
511 2303 639 2378 Christi
667 2304 778 2378 dilata
802 2303 976 2399 martyria
1001 2328 1075 2377 non

143 2404 339 2494 „meritum
360 2401 583 2475 confessionis
603 2403 786 2488 minnere,
812 2402 871 2475 led
892 2403 1075 2496 magnalia

144 2501 297 2593 „divinae
325 2503 554 2596 protethonis
580 2502 801 2576 ostendere.“
861 2500 1002 2574 Deinde
1020 2502 1076 2575 in·

142 2602 253 2690 dicat,
287 2601 491 2689 „divinitus
516 2599 667 2674 evenisse
691 2602 729 2675 S.
751 2599 911 2675 Cornelii
935 2611 1074 2696 marty·

129 2701 279 2795 pium,
307 2698 346 2773 ὅ(
362 2700 399 2774 S.
418 2700 520 2775 Lucii
538 2698 707 2785 exilium,
733 2711 774 2773 ut
788 2701 834 2772 ud
851 2698 1074 2773 confunden-

146 2800 227 2889 „rlos
253 2799 453 2873 haereticos
478 2798 702 2872 Novatianos
726 2798 924 2872 ostenderet
947 2798 1073 2871 Domi-

110 2965 115 2977 .
143 2916 249 2991 ‚‚nus‚
278 2919 367 2993 quae
384 2896 467 2971 esset
483 2897 660 2983 Ecclesia,
684 2899 764 2992 quis
782 2898 977 2992 Episcopus
994 2893 1072 2995 ejus

110 2988 255 3090 ‘„unus
283 2996 410 3070 divina
433 2996 660 3070 ordinatione
693 2994 876 3082 delettus,
902 2997 964 3090 qui
990 3017 1073 3070 curn

110 3096 115 3199 J
140 3095 343 3193 „Episcopo
364 3095 570 3191 Presbyteri
594 3093 803 3170 sacerdotali
829 3095 964 3167 honore
987 3116 1073 3166 con·

137 3195 293 3293 ‚,juntii‚
316 3194 399 3289 quis
414 3195 614 3279 adunatus,
638 3192 675 3269 &
692 3215 799 3267 verus
813 3193 941 3267 Christi
959 3214 1072 3288 popu-

136 3296 215 3389 „lus
242 3292 422 3369 dominici
445 3294 544 3388 gregi
566 3291 742 3367 charitate
767 3312 971 3377 connexus,
1008 3291 1071 3385 qui

141 3394 296 3487 „elenu
322 3415 414 3488 quos
432 3392 600 3466 inimicus
619 3391 819 3478 lacesseret,
843 3391 904 3485 qui
927 3401 1072 3475 contra,

139 3495 297 3591 „quibus
313 3491 479 3565 diabolus
496 3504 539 3565 ut
556 3490 626 3564 suis
642 3501 814 3586 parceret.
866 3489 950 3563 lion
967 3486 1072 3561 cella-

132 3614 240 3684 „mus
269 3612 381 3678 vero,
410 3590 449 3664 in
471 3587 671 3675 sacrificiis,
704 3586 742 3662 &
768 3587 990 3662 orationibus
1011 3609 1073 3680 pe·

129 3706 235 3787 „tere
245 3746 259 3785 ‚
286 3702 352 3781 ut,
374 3689 435 3787 qui
452 3685 713 3860 perstringes,
737 3700 847 3783 atque
863 3685 1072 3857 pertineas,

666 3811 688 3879 3
935 3806 1006 3874 arcu
1036 3807 1075 3855 ⁰⁸
