2430 4366
169 162 257 309 3⁶4
356 182 401 273 S.
421 180 605 293 Gregorii
624 174 930 293 simmomrgx'

173 366 329 463 „suerin
360 368 515 445 secunda
537 366 787 449 veteratione
809 364 890 448 illic
914 364 1019 447 ates

174 480 283 561 „tun
308 467 454 546 obiere
470 467 637 552 voluerit.

179 727 184 736 .
250 688 287 765 7.
313 663 511 779 „Ceterum
527 688 610 741 cum
626 665 678 739 ita
693 684 761 737 nos
776 662 824 763 eb
839 662 946 737 initio
960 684 1019 761 oep

0 834 144 983 stim„
179 758 1019 961 :issistsqtiisssestsff‘stistte

5 936 89 1090 ,fig
179 964 330 1055 ‚,dions,
353 962 392 1041 δι
408 963 536 1043 intima
550 974 779 1061 pertentans,
803 962 1019 1055 interrogans

179 1080 423 1161 „proponens‚
442 1061 768 1159 respondentesque
785 1060 954 1159 audiens,
973 1071 1013 1135 ut

178 1164 310 1255 „novit
326 1162 464 1259 aliquid
483 1187 558 1239 non
576 1160 828 1257 infrugiferum
850 1160 887 1234 in
909 1158 1012 1238 nobis

179 1275 288 1353 „tum
317 1260 502 1359 subigere,
534 1262 743 1348 invertere,
780 1258 956 1359 irrigare,
993 1281 1019 1333 oo

179 1382 375 1454 „movere‚
411 1358 534 1445 sedulo
564 1381 733 1455 exercere
758 1380 826 1434 nos
851 1359 969 1457 cepit,
998 1354 1019 1455 s1

178 1460 375 1557 „quidem‚
410 1482 453 1535 ec
475 1458 649 1547 tribulos,
682 1457 720 1534 δι
740 1480 856 1555 genus
881 1479 1019 1541 oroneo

177 1558 309 1649 „strum
335 1557 551 1645 herbarum,
583 1556 622 1635 oo
643 1556 826 1655 stirpium,
857 1571 1019 1653 quotquot

174 1658 377 1749 „roricum
411 1656 450 1733 δι
472 1656 660 1739 silvescens
684 1657 803 1735 anima
830 1653 949 1731 nostra
972 1666 1019 1731 tur

176 1755 469 1861 ,‚pxofuodebax,
500 1755 645 1855 penitus
671 1756 834 1837 resecans
854 1754 1018 1852 reprehon

177 1858 279 1949 „do,
309 1855 626 1954 prohibendoque,
660 1878 757 1932 nunc
781 1854 968 1935 Socratico
989 1878 1018 1929 m

177 1954 366 2054 „sciteque
397 1954 597 2036 admodum
627 1977 696 2029 nos
727 1954 984 2053 perstringens,
1009 1977 1019 2030 1

177 2056 318 2146 „etiam
352 2056 516 2130 oratione
544 2053 610 2156 sua*
628 2078 698 2129 nos
727 2052 969 2152 prosternens,
997 2050 1019 2127 so

177 2176 275 2246 „nos
298 2152 416 2232 fraeno
443 2152 661 2235 reluctantes
686 2168 860 2250 tanquam
885 2154 979 2235 seros
997 2176 1019 2251 qi

173 2254 294 2347 „dam
326 2276 440 2351 equos
474 2267 578 2329 extra
609 2255 706 2330 viam
731 2254 924 2331 exilientes
950 2252 1019 2328 videi

179 2353 328 2449 „quoad
345 2352 568 2449 persuasione
584 2353 761 2449 quadame
788 2368 898 2449 atque
916 2348 1019 2431 neceffi

177 2452 307 2544 „velut
322 2454 437 2528 sraeno
454 2451 517 2527 suo
533 2473 601 2527 nos
618 2452 779 2529 sermone
796 2452 957 2549 quietos,
979 2448 1019 2535 sib

179 2550 445 2647 „obsequentes
455 2552 623 2633 reddidit.
648 2548 705 2629 Ac
718 2550 909 2629 molestum
922 2551 958 2625 id
969 2552 1019 2647 qui

179 2651 313 2742 „nobis
330 2652 504 2748 principio
527 2651 680 2740 eccidit,
706 2674 789 2727 cum
806 2652 938 2726 rationi
952 2674 1019 2724 non

176 2772 330 2847 „patere
352 2750 488 2849 emostis
510 2749 692 2827 sermones
708 2749 790 2825 suos
810 2751 1014 2827 admoveret

58 2911 61 2917 .
178 2863 440 2947 „expurgetet:
467 2864 509 2929 ut
521 2873 613 2950 ¹vero
634 2871 702 2925 nos
722 2851 789 2925 rite
814 2850 860 2925 ad
884 2850 1019 2945 excipio

178 2949 370 3037 „veritatis
386 2950 567 3025 sermones
591 2950 828 3046 praeparavit,
853 2949 1019 3047 paradoxo

123 3100 127 3108 ·
178 3050 354 3136 „omnino
378 3048 601 3125 incredibilia
621 3049 725 3123 nobis
749 3047 844 3137 visa,
877 3048 916 3124 δι
937 3050 1019 3145 proi

178 3145 356 3242 „rejeiim
388 3148 509 3245 postea
530 3147 824 3243 investigantibus
841 3148 947 3223 nobis
971 3169 1019 3221 aco

178 3248 280 3334 „tius
302 3248 465 3323 omnium
480 3246 676 3332 verissimo,
711 3251 884 3342 omnique
904 3259 1019 3342 excepi

177 3341 343 3441 „majora
361 3348 505 3441 cognita
524 3347 615 3422 sunt.
654 3347 764 3422 Hunc
784 3347 894 3442 igitur
910 3348 947 3421 in
964 3370 1018 3423 mo

122 3462 127 3469 ·
176 3465 287 3541 „pars
301 3448 444 3523 nnimae
469 3446 618 3534 nostroe,
653 3467 736 3542 quae
759 3446 855 3522 circa
881 3469 1007 3531 voces,

175 3566 421 3643 „monemque
442 3543 619 3641 judicium
639 3560 807 3634 exercet,
841 3546 1019 3625 secundum

173 3642 342 3735 „tionem
373 3645 623 3738 erudiebatur,
656 3670 731 3732 non
757 3643 864 3743 juxta
890 3644 1019 3751 egregio

986 3741 1019 3833 „1
