2430 4366
299 340 303 352 Ι
359 196 616 361 omne
632 226 758 321 Dior.
831 302 834 309 ,
944 250 1030 345 305

113 418 169 503 nd
190 434 324 504 unm,
350 426 459 516 atque
476 416 550 515 ipse
570 412 621 493 est
638 414 805 493 dividens
827 408 943 491 officia
965 415 1028 494 sua

113 540 175 597 rer
195 534 434 612 temporum,
464 516 502 593 dr
521 534 644 593 rerum
662 512 885 600 occasiones,
915 530 1029 614 atque

113 628 324 699 momenta„
360 614 463 693 Unus
474 637 580 713 ergo,
602 613 641 692 dt
654 613 752 690 idem
766 614 943 711 Spiritus,
968 617 1048 714 qui,
1122 674 1125 679 -

113 720 168 813 ‘pn
183 713 398 811 Prophetis,
431 712 469 791 dt
494 715 531 791 in
550 710 750 811 Apostoiis,
778 725 937 791 ceterum
960 716 1048 809 ibt,

113 833 210 911 „uon
222 826 266 889 ut
278 810 413 910 semper
424 812 499 889 iliis
512 812 653 902 ineffet,
677 812 739 887 hic
751 823 793 888 ut
806 812 844 887 in¹
859 814 933 888 iliis
947 812 1049 905 sem·¹

117 930 205 1007 ,m
218 928 396 999 maneret,
429 912 467 988 dt
484 912 534 999 ibi
554 912 783 987 mediocriter
807 910 1048 1004 distributus,

124 1008 207 1103 ,dic
219 1024 313 1089 totus
325 1008 480 1101 effusus,
508 1012 559 1088 ibi
578 1033 683 1109 parce
701 1012 828 1099 datus,
861 1012 920 1086 hic
938 1013 1039 1108 large
1089 1064 1094 1071 -

113 1166 117 1177 .
146 1112 407 1201 „commodatum
427 1134 495 1185 nec
507 1124 631 1187 tomen
646 1130 731 1186 ante
745 1110 1037 1187 restrrreiiionnm

116 1204 281 1301 'spanni
308 1211 512 1297 exhibitus,
548 1209 607 1285 sed
641 1209 716 1305 post
746 1212 1036 1287 retorretnnnem

146 1306 263 1399 „cinti
276 1312 512 1385 contributus.
536 1304 647 1413 ὅσου.
660 1334 716 1408 14.
730 1335 762 1384 v.
775 1315 830 1385 [ό.
833 1310 908 1407 sqq.
942 1312 1041 1388 item

136 1404 245 1597 ᾖξαν.
257 1430 310 1501 15.
331 1432 363 1483 v.
379 1412 442 1485 πό..
491 1407 539 1484 Et
554 1435 583 1484 c.
597 1413 653 1485 16.
670 1432 746 1506 up.
798 1410 848 1491 Et
867 1411 1040 1505 quoniam
1071 1490 1074 1495 ,

113 1532 125 1602 ,¹
186 1509 313 1603 ominus
326 1506 365 1583 in
379 1506 591 1583 coeioseffet
605 1507 787 1593 abiturus,
813 1508 1043 1585 Paracletum

113 1646 116 1655 ·
135 1604 318 1701 „discipulis
335 1604 526 1681 neceiiario
545 1606 675 1693 dabat,
699 1630 747 1681 ne
763 1606 849 1681 iilos
866 1610 1044 1703 quodom-

125 1706 249 1797 ,nodo
276 1704 450 1801 pupillos,
480 1706 583 1802 quod
606 1705 756 1781 minime
780 1706 952 1794 decebat,
985 1727 1044 1781 re-

113 1804 332 1899 ¹niirrqueret,
364 1804 403 1881 dc
421 1803 494 1880 fine
512 1806 714 1893 advocato,
748 1802 785 1880 dt
807 1808 964 1901 quodam
984 1794 1047 1883 tu·'
1189 1794 1197 1807 “

113 1924 217 1995 „pore
248 1902 434 1981 desereret
483 1904 556 1979 Hic
587 1903 637 1979 eii
666 1903 783 1990 enirn',
821 1905 883 2001 qui
914 1928 1043 1980 eorum

114 2002 297 2097 ponimns,
322 2016 536 2101 mentesque
552 2002 731 2086 firmavit,
756 2003 818 2099 qui
833 2004 1044 2100 evangelica

124 2102 373 2193 §rnamenta
388 2102 566 2187 distinxit,
592 2104 705 2200 quiin
722 2102 804 2199 ipiis
819 2101 1047 2178 illuminator

125 2208 258 2291 „rernm
284 2199 486 2276 divinarum
511 2202 603 2285 fuit,
640 2224 713 2297 quo
745 2200 946 2277 confirmati
982 2224 1048 2299 pro

124 2298 286 2391 „nornine
303 2298 449 2375 Domini
464 2324 531 2376 nec
548 2322 728 2387 carceres,
755 2324 822 2376 nec
841 2300 984 2375 vincula
1000 2302 1051 2375 ti·

129 2416 331 2487 „nruemnt,
369 2400 529 2494 quinimo
559 2399 651 2495 ipsas
682 2399 801 2475 saculi
834 2399 1050 2496 potestaten,
1189 2472 1192 2479 .

126 2492 184 2589 ,d
198 2512 376 2573 tormenta
393 2498 643 2587 calcaverunt,
679 2499 809 2575 armati
825 2490 901 2597 jam
918 2497 1053 2574 scilicet

126 2616 206 2691 „per
227 2596 364 2693 ipsum,
398 2600 572 2675 habentes
596 2601 634 2675 in
660 2594 695 2673 se
720 2600 837 2686 dona,
872 2618 954 2693 quae
991 2596 1053 2671 hic
1157 2638 1163 2649 ·

126 2695 239 2787 ,idem
267 2696 421 2789 Spiritus
448 2698 615 2773 Ecclesrae
640 2696 769 2773 Christi
794 2697 928 2793 sponsae
953 2690 1054 2791 quast

128 2799 309 2889 „quaedam
326 2816 537 2872 ornamenta
554 2798 739 2873 distribuit.
777 2796 849 2871 Hic
865 2797 914 2871 eii
930 2795 1052 2885 eninr,
1193 2872 1200 2879 ,

113 2896 204 2987 ,equi
232 2894 429 2986 Prophetas
451 2897 489 2970 in
513 2895 669 2970 Ecclesia
697 2894 901 2984 constituit,
936 2894 1056 2987 Magi·

114 2990 231 3081 nstros
265 2995 407 3075 erudit,
449 2994 592 3089 linguas
624 2996 770 3090 dirigit,
806 2995 981 3080 virtutes,
1017 2989 1057 3069 dc
1105 3059 1108 3065 .

113 3088 312 3189 „ianitores
329 3092 437 3180 facit,
464 3117 572 3190 opera
592 3094 770 3169 mirabilia
790 3095 904 3189 gerit,
928 3090 1059 3166 discre-
1196 3116 1199 3123 ·

114 3190 263 3279 „tiones
281 3192 465 3285 spirituum
482 3195 650 3288 porrigit,
676 3193 956 3288 gubernationes
971 3212 1060 3265 con·

113 3286 289 3387 ,unuin
316 3289 460 3366 consilia
484 3292 662 3387 suggerit,
687 3312 839 3387 quaeque
863 3290 936 3365 ¹ulia
964 3286 1058 3376 snut,

113 3388 406 3489 :photismatum
424 3387 519 3464 dona
537 3393 744 3487 componit,
777 3392 814 3464 dt
833 3388 986 3486 digerit,
1018 3386 1059 3463 dt

133 3485 230 3575 „ideo
249 3487 444 3563 Ecclesiam
463 3489 609 3565 Domini
624 3490 805 3586 undique,
830 3488 868 3564 dt
885 3491 924 3563 in
942 3485 1060 3559 omni·

136 3584 217 3671 „bus
234 3585 426 3681 perfettarn
443 3587 542 3663 facit.
594 3590 666 3664 Hic
681 3590 748 3673 est,
773 3589 835 3681 qui
852 3588 889 3664 in
905 3586 1059 3661 modum

140 3684 349 3773 „colurnbae,
383 3685 613 3783 posteaquam
644 3688 825 3765 Dominus
852 3680 1059 3785 baptizatus

157 3792 613 3882 commmunia.
745 3784 781 3861 U
963 3780 1060 3877 nest,
