2430 4366
171 170 178 259 ‘.
247 120 333 305 353
359 122 628 277 :deeabotit
652 170 827 319 Episcopi
848 176 1069 337 aaron..

247 368 339 461 „fitz
366 367 674 467 quemadmodum
687 365 789 441 'enim
802 366 878 445 uini
895 364 1056 463 pocula,
1083 365 1162 451 licit

238 472 336 561 ⁴„hae
350 471 516 566 potiones
537 468 714 541 rationem
734 466 977 542 vehementer
1001 464 1164 561 offuscant,
1205 507 1211 541 i

130 564 132 569 ’
249 568 314 659 „dt
335 567 509 665 quidquid
531 565 1004 663 postuinumebrietatem
1029 564 1166 649 affert&
1204 606 1211 643 t

247 683 398 759 „mento
414 665 555 764 dejicit,
579 663 698 740 sicerae
723 665 907 741 uocabulo
926 688 949 739 a
968 664 1167 761 sapientibus
1204 706 1211 743 ι

245 762 489 861 „designatur
540 764 597 848 Ne
614 765 724 871 igitur
737 766 838 860 virgo
853 766 901 840 ab
919 766 967 840 iis
993 764 1109 841 solum
1125 792 1168 845 ca
1203 806 1211 841 ι

84 874 90 887 ’
167 924 171 935 .
241 878 383 958 „,·vens,
402 887 484 960 quae
500 861 561 937 sua
578 864 651 960 ipsa
666 864 807 938 ratione
824 887 867 938 ac
884 864 1095 960 generatim
1107 888 1170 964 pen
1203 906 1211 939 a

247 980 357 1056 „cata
384 963 556 1058 nequitiae
581 968 680 1053 lunt,
708 964 754 1037 iis
779 963 991 1060 polluatur,
1020 987 1103 1060 qnae
1123 968 1170 1041 ho·
1204 1006 1211 1037 a

152 1068 155 1079 '
249 1084 357 1154 „rum
373 1064 519 1148 aemula,
536 1064 703 1159 parisque
722 1062 797 1139 sere
813 1064 971 1138 malitiae
989 1062 1086 1152 sunt
1102 1065 1171 1140 alio
1205 1106 1211 1133 t

248 1185 359 1255 „rum
376 1162 523 1246 nttnx,
549 1162 586 1237 dr
606 1184 688 1258 quae
710 1162 756 1236 ab
779 1162 862 1237 aliis
886 1166 1082 1257 vincatnr3
1121 1165 1172 1241 hoc
1206 1204 1211 1237 ι

249 1261 347 1354 ‚,est,
374 1286 421 1337 ne
436 1260 584 1337 vestium
604 1258 857 1337 versicolorum
886 1261 1060 1359 speciosis
1078 1265 1172 1339 emol·
1206 1305 1211 1337 ι

247 1361 540 1453 ,dita¹texturis,
566 1359 625 1435 uel
652 1363 805 1455 gemmis
834 1361 871 1436 dt
900 1384 1021 1447 auro,
1050 1360 1089 1437 dc
1113 1386 1174 1459 qur
1206 1404 1211 1437 t

249 1460 352 1553 „istis
384 1460 752 1554 sumtum-suggerit,
788 1461 963 1545 avaritia,
1001 1459 1211 1539 similibusn

202 1588 228 1649 ,·
250 1576 363 1656 „qne
384 1558 544 1655 corporis
575 1558 797 1634 indumentis
829 1574 935 1656 capta
977 1560 1176 1657 irretitaque
1209 1602 1211 1619 ·

127 1658 132 1679 ‘
250 1671 465 1750 „teneatur,
487 1672 569 1754 qnae
593 1657 665 1754 ipsa
690 1658 849 1733 animam
874 1659 1088 1745 inebriant,
1115 1684 1178 1757 pro·

248 1772 403 1856 „pterea
427 1758 508 1832 haec
523 1758 706 1851 praecipit,
732 1781 778 1831 ne
799 1758 969 1834 scicilicet
991 1759 1137 1835 excussa
1150 1762 1177 1837 in

247 1855 470 1949 „muliebres
497 1855 702 1952 ellnndatui
729 1856 920 1944 levitates,
956 1859 1077 1954 inque
1104 1858 1179 1935 risu

118 2007 121 2013 ·
203 2026 206 2031 .
249 1956 316 2050 „dt
334 1954 498 2031 fallacias
516 1957 554 2031 dt
576 1956 825 2043 scurrilitates,
849 1980 932 2052 quae
957 1958 1064 2053 quast
1090 1962 1180 2035 verti·

233 2066 240 2109 ἵ
250 2057 364 2152 „gine
384 2057 634 2150 circumagunt
655 2055 872 2153 turbantque
889 2058 1088 2132 animuin:
1112 2082 1180 2136 nam

251 2154 318 2249 ‚,&
340 2154 405 2229 esse
424 2156 491 2228 Dei
512 2155 627 2229 altare
649 2157 876 2229 incruentum
903 2158 1112 2231 traditione
1135 2182 1179 2231 ao·

251 2256 441 2351 „cepimus
469 2255 562 2328 caste
585 2255 783 2330 viventium
809 2271 966 2330 caetum:
995 2255 1046 2330 lic
1063 2280 1179 2353 magna
1209 2328 1211 2338 ,

248 2354 445 2452 „quaedam
470 2376 593 2428 resae
619 2354 791 2450 praeclara
813 2356 1007 2449 virginitas
1026 2358 1176 2432 videtur:
1205 2407 1211 2440 ,

251 2476 390 2551 „quare
413 2453 684 2528 immaculatam
701 2452 802 2527 illam
821 2453 857 2528 dt
875 2455 1038 2549 perfette
1067 2478 1175 2552 puram
1197 2474 1211 2535 n

252 2554 380 2644 „omni
405 2575 491 2626 cura
514 2551 643 2627 servari
661 2565 824 2648 oportet,
847 2554 997 2628 nullum
1011 2574 1211 2630 comment

37 2675 44 2683 ·
145 2704 151 2719 ,
250 2655 377 2745 „cium
401 2653 594 2726 habentem
612 2676 694 2726 cnm
710 2654 950 2727 immunditiis
967 2656 1113 2741 carnis,
1131 2655 1171 2731 sed
1192 2650 1211 2729 u

254 2754 382 2843 „intus
408 2764 493 2826 ante
514 2751 646 2825 faciem
665 2750 856 2827 testimonii
880 2752 1060 2849 sapientia
1085 2752 1169 2829 deau·
1190 2772 1211 2819 ,n

255 2853 399 2942 „ratam
421 2851 457 2924 in
477 2850 617 2925 Sanctis
633 2849 844 2926 Santlorum
861 2852 1019 2926 statuere
1036 2852 1166 2930 suffinn
1190 2871 1211 2927 ιι

255 2951 404 3043 „odoris
430 2948 617 3026 snaviffimi
642 2951 829 3025 charitatis
856 2952 1099 3028 exhalantem
1118 2952 1164 3028 Do·
1192 2946 1211 3027 b

158 3148 165 3159 .
238 3052 397 3155 „minu
419 3049 534 3125 Exod.
550 3077 608 3147 30.
626 3048 812 3148 u.1.srqq,'
1200 3068 1206 3095 ι

73 3258 204 3350 Ecctafla
293 3260 296 3264 “
326 3249 366 3348 ’7.
396 3243 517 3335 „Cum
541 3247 652 3342 igitur
669 3247 730 3321 l'ex
750 3245 942 3343 spiritualis
968 3245 1166 3348 aramagna
1196 3216 1206 3325 l

71 3349 174 3416 media
193 3351 241 3412 in·
256 3349 640 3442 „roniincnssuinrorum
657 3343 821 3422 bonorum.
838 3345 924 3420 Heb.
939 3374 996 3421 10.
1007 3374 1041 3422 u.
1056 3374 1088 3424 1.
1119 3349 1166 3423 Ta·

71 3434 241 3520 “slsum
256 3447 515 3536 „bernaculum
538 3446 635 3541 quod
657 3447 757 3522 vario
782 3445 883 3522 cultu
901 3444 1043 3522 affabre
1064 3468 1168 3523 ornare
1199 3465 1211 3521 u

70 3517 241 3671 ababa.
257 3542 518 3643 „Hebraeum
535 3536 631 3627 sunt,
644 3545 813 3621 amena
828 3546 999 3642 quaenm
1016 3544 1168 3646 „paq
1201 3562 1211 3623 ,-

70 3689 190 3755 ,Μ
255 3648 373 3743 ,‚fuit,
396 3658 440 3725 ut
457 3642 567 3725 rebus
590 3643 821 3727 efformatum
844 3644 1057 3726 senfibssbus
1079 3647 1171 3820 aba}
1203 3686 1211 3727 ι

1083 3769 1159 3839 „ren
