2430 4366
174 142 780 304 'rraapaaaauaafiipea
864 192 953 308 345

119 424 132 462 ‚
155 384 221 450 aut
236 375 442 473 proceribus
459 375 667 451 audientem
680 376 748 454 elie
762 378 945 469 convenit,
1082 352 1087 369 ’

113 494 191 549 non
212 473 294 571 ipfrs
316 476 355 548 in
380 471 549 589 offensam
571 478 713 592 venire,
741 500 809 553 nec
832 477 948 592 mple-

113 570 779 769 llllll‘lllqlilllllfla
794 598 948 757 ,tid
1012 640 1015 645 ’

113 769 190 844 itria
204 771 338 847 ditium
353 772 483 859 fuerit,
507 773 546 848 in
561 772 683 852 lucem
696 773 788 850 forte
804 775 946 868 veniat3
1093 808 1096 812 ·

113 868 196 945 enim
212 870 294 956 soli,
312 869 355 946 dr
371 868 503 958 diviti,
520 870 559 949 dt
573 894 706 968 magno
721 873 812 969 Regi
827 875 946 955 nuntii

113 989 181 1042 tres
200 971 321 1047 omnia
343 970 545 1065 perferunt,
580 970 728 1068 spiritali
752 971 877 1067 simul.
904 972 945 1059 ἅ

113 1066 216 1153 onai.
235 1069 428 1151 ministerio
441 1069 660 1176 fungentes.
929 1134 932 1139 .

301 1280 661 1369 curuum.
746 1375 751 1383 A
1142 1242 1148 1255 ’

113 1461 188 1540 'era
202 1489 233 1546 1.
258 1463 419 1565 „Iustum
441 1467 490 1542 est
507 1477 631 1545 autem
649 1468 771 1564 egenti
789 1489 939 1583 panem,
953 1499 1122 1588 simp,

113 1584 153 1650 c‚
171 1585 254 1659 quae
267 1565 314 1640 ad
328 1567 441 1642 vitam
456 1569 628 1647 tuendam
641 1568 831 1643 neceliarra
847 1565 938 1658 sunt,
952 1605 995 1651 aa
1007 1605 1084 1651 cona

113 1663 230 1756 ertiri3
260 1667 426 1760 quamvis
446 1669 543 1741 enim
564 1667 602 1741 id
619 1665 736 1744 statim
753 1666 938 1765 perdidilfe
951 1669 1120 1739 mendum.

113 1762 253 1839 rusdam
265 1764 432 1854 videaris,
453 1764 797 1862 quemadmodumfr
810 1786 941 1863 panem
983 1775 1069 1839 Μ·

113 1881 226 1957 quam
248 1861 470 1960 conjecilles,
503 1877 626 1940 tamen
648 1864 828 1962 progrelfu
847 1876 940 1945 tom·
998 1932 1001 1939 .

113 1981 135 2034 a
155 1983 384 2059 nequaquam
404 1962 652 2061 infrugiferam
674 1964 740 2039 tibi
759 1963 861 2039 fuille
878 1964 940 2047 be·

113 2061 263 2135 centiam
287 2063 495 2162 comperies.
548 2089 581 2142 a.
617 2063 726 2150 Quin,
743 2062 938 2151 liberaliter
995 2074 1066 2123 vd·

113 2179 180 2253 que
199 2159 371 2255 elargire,
399 2161 632 2258 pluribusque
648 2174 731 2239 tuae
746 2159 940 2239 facultates

113 2260 177 2349 de;
209 2261 397 2337 nonenim
421 2261 488 2335 tibi
508 2274 636 2337 notum
653 2260 721 2348 est,
756 2260 842 2356 quid
860 2271 955 2336 tan··
1074 2304 1082 2312 -

113 2356 269 2453 tpostera
286 2360 365 2435 dies
379 2357 529 2450 efficiet;
579 2385 614 2455 q.
641 2383 727 2435 nam
743 2382 858 2454 neque
873 2383 940 2441 nu·
997 2382 1066 2450 aa.

115 2457 292 2551 copiosam
309 2459 406 2534 suam
424 2459 583 2557 pluviam
598 2460 773 2546 retinent,
799 2457 858 2535 sed
872 2458 940 2535 im·

113 2577 134 2639 u
153 2556 187 2627 in
208 2570 341 2635 terram
360 2558 537 2644 fundunt,
560 2581 626 2632 nec
641 2559 748 2637 arbor
766 2569 940 2654 perpetuo

113 2706 119 2736 »
145 2676 269 2735 verum
290 2657 426 2733 etiamsi
453 2657 619 2732 homines
639 2657 672 2732 ei
693 2657 938 2754 pepercerint,
1139 2748 1142 2753 Ι

113 2765 198 2827 ento
228 2770 327 2830 certe
356 2755 590 2845 ponvelletur.
641 2756 784 2856 4.er
808 2755 939 2841 multi,
995 2788 1068 2857 M·

113 2875 152 2925 *a
174 2853 266 2927 coelo
284 2869 456 2930 eventura
474 2853 559 2941 fnit,
585 2853 745 2952 praescire
765 2853 938 2950 gestiunt,

114 2951 229 3039 deest,
254 2956 316 3050 qui
335 2955 372 3028 in
390 2956 504 3037 nubes
523 2954 689 3042 intuens,
716 2967 937 3049 ventumque

113 3049 222 3124 attans
239 3075 260 3127 a
277 3053 403 3139 melle,
428 3066 493 3128 aut
511 3051 745 3129 ventilatione
762 3051 937 3148 abstinue·
1063 3112 1065 3120 .

122 3171 160 3221 re
177 3151 275 3225 inani
296 3152 471 3241 confisus,
497 3150 535 3227 δι
552 3150 758 3248 persuasus,
809 3178 842 3247 5.
868 3175 936 3231 uec
994 3179 1067 3249 aa.

113 3271 177 3332 zm,
196 3270 277 3345 quae
292 3253 466 3329 divinitus
482 3250 604 3326 futura
620 3251 719 3339 sunt,
738 3251 936 3366 quidquam

113 3346 266 3436 noscens,
293 3350 600 3446 quemadmodum
619 3351 790 3447 neuquid
806 3350 935 3428 mulier

113 3469 218 3541 gnane
242 3452 400 3545 paritura
426 3450 477 3525 fit.
531 3455 564 3524 6.
601 3449 695 3525 Cum
729 3460 852 3526 autem
884 3449 935 3526 fe·
993 3451 1066 3521 uo.

112 3550 417 3647 temtempestive
442 3549 592 3636 feceris,
623 3547 759 3624 frufiuu
782 3549 935 3644 collige,

113 3667 137 3722 ‚e
155 3661 364 3748 comporta,
398 3645 612 3826 cuthujuc
631 3649 687 3733 rei
705 3660 851 3750 tempor
865 3648 937 3735 ad.-
995 3666 1003 3685 ⁸

530 3769 551 3845 5
846 3770 938 3838 „ve-
