2430 4366
373 120 378 163 l

6 226 9 255 ¹
58 210 63 217 ’
127 226 215 319 ’49
505 198 546 288 S.
571 126 758 341 dypticni

32 412 54 479 ἢ
162 362 245 487 „gio
268 352 502 485 Praepositum
519 385 574 467 ‘dt
591 360 775 485 Diaconos
798 405 925 481 curare
951 382 1023 460 hoc

162 488 260 581 „est‚
285 488 346 585 qui
364 485 591 582 exemplum,
610 484 655 562 'dr
676 485 937 569 documentum
956 499 1037 563 creti

25 630 62 678 ΙΙ
163 589 236 680 „de
259 586 421 663 moilbus
444 584 514 659 suis
541 586 736 682 praebeant.
787 585 981 683 Quomodo
1003 609 1037 661 ei

130 750 136 756 ,
164 686 330 786 „potsunt
355 683 587 761 continentiae
610 683 775 781 praeeffe,
809 683 834 759 si
862 709 909 759 ex
933 686 987 762 eis
1011 686 1037 763 ii

163 840 190 879 „
214 787 292 862 iant
310 783 523 883 corruptelae
544 784 748 881 procedere.
797 783 849 860 Et
862 783 999 861 idcirco
1015 808 1037 859 o

152 811 280 979 „inite
297 881 429 971 fecisti,
454 879 661 958 abstinendo
678 883 905 971 Diaconum,
932 884 995 980 qui
1014 908 1037 959 c

154 982 329 1083 „uirgine
363 981 454 1081 saepe
484 981 636 1071 manfit,
674 982 734 1069 sed
759 981 798 1059 dc
823 998 999 1071 caeteros,

4 1125 7 1134 -
58 1160 65 1175 „
162 1105 273 1179 „cum
288 1081 486 1179 virginibus
504 1083 662 1157 dormire
678 1081 950 1158 consueverunt.
975 1083 1037 1172 Qu

68 1215 73 1241 ι
152 1182 216 1276 „si
245 1181 493 1279 poenitentiam
522 1178 631 1280 lidjus
658 1180 789 1289 illiciti·
808 1181 1037 1259 concubium

161 1285 349 1378 „egerint,
383 1279 421 1356 dr
446 1304 468 1355 a
493 1279 526 1354 le
551 1282 706 1359 invicem
735 1280 959 1373 recesserint,
993 1283 1037 1360 it

161 1384 330 1473 „ciantur
344 1381 489 1456 interim
506 1378 664 1477 virgines
681 1381 726 1456 ab
747 1379 994 1473 obstetricibus

160 1493 334 1578 „genten
371 1479 409 1555 dt
424 1478 637 1579 'lanugines
662 1480 820 1555 inventae
841 1478 998 1568 fuerint,

63 1636 68 1659 .
159 1592 293 1677 „cepta
317 1578 644 1657 communicatione
670 1580 717 1655 ad
742 1576 940 1655 Ecclesiam
967 1578 1037 1655 ad.

160 1692 334 1778 „tantui,
359 1679 428 1754 hac
445 1691 568 1754 tamen
582 1679 897 1768 interminatione,
923 1691 988 1779 ut,
1009 1708 1037 1756 ·.

161 1779 338 1869 „eosdem
354 1775 532 1857 masculos
547 1777 700 1855 reversae'
715 1778 869 1864 fuerint,
895 1774 961 1853 out
976 1776 999 1859 fi

160 1878 325 1974 „eisdem
340 1877 376 1973 in
395 1901 468 1953 una
484 1878 594 1954 domo
612 1877 715 1956 simul
731 1877 995 1965 habitaverint,

159 1977 279 2069 „viori
306 1974 454 2052 censura
485 1977 693 2076 ejiciantur,
733 1976 870 2069 necin
903 1976 1035 2055 Eccle:

162 2075 414 2174 „postmodum
430 2076 538 2153 facile
554 2076 802 2155 admittantur.
855 2075 895 2152 Si
912 2089 1037 2154 autet

163 2177 244 2268 „eis
270 2175 391 2271 aliqua
419 2192 586 2274 corrupta
609 2174 719 2255 fuerit
742 2174 984 2271 deprehensa,

23 2312 26 2317 ·
155 2275 440 2371 „poenitentiam
457 2275 623 2373 plenam,
646 2273 685 2352 &
700 2272 876 2353 aestimato
894 2272 989 2371 justo
1021 2292 1037 2353 t

164 2396 278 2472 „pore
297 2374 540 2470 exomologeli
561 2374 653 2451 faui
676 2374 724 2450 ad
741 2372 941 2454 Ecclesiam
960 2380 1037 2453 red

163 2471 315 2570 „quodsi
335 2472 508 2550 obstinate
527 2472 773 2571 perseverant,
802 2472 922 2549 necle
944 2475 990 2548 ab
1013 2479 1037 2552 i

162 2595 270 2662 „cem
298 2571 481 2673 separant,
515 2574 648 2662 sciant,
683 2571 927 2670 senunquam
950 2597 972 2647 a
996 2600 1037 2649 ne

161 2671 333 2764 „admitti
360 2673 398 2748 in
425 2671 623 2755 Ecclesiam
654 2671 776 2769 polle,
810 2696 857 2746 ne
889 2676 1037 2772 exempl

160 2770 330 2870 „caeteris
353 2771 402 2846 ad
428 2773 569 2847 ruinam
599 2770 737 2846 delitiis
762 2770 833 2845 suis
862 2771 1037 2851 facereit

161 2868 308 2967 „piant3
332 2869 486 2947 interfici
503 2871 599 2946 enim
615 2870 715 2952 Deus
729 2868 823 2966 jullit
839 2868 1037 2973 Sacerdoti!

53 2957 62 2989 '
161 2968 259 3058 „suis
272 2993 347 3044 non
364 2969 676 3067 obtemperantes,
700 2968 738 3044 dt
754 2985 841 3044 tunc
857 2969 1037 3069 quidemg

1 3106 19 3114 .
50 3067 61 3136 “.
109 3066 114 3077 “
159 3069 248 3158 „dio
265 3069 542 3159 occidebantur,
568 3093 665 3145 nunc
685 3081 808 3145 autem
826 3067 1037 3169 spiritualig

135 3167 248 3257 ·„dio
273 3166 430 3263 superbi,
460 3168 498 3246 dc
520 3160 756 3245 contumaces
778 3180 974 3256 necantur,
1006 3174 1037 3251 di

158 3260 231 3359 „de
247 3265 405 3357 Ecclesia
419 3266 613 3367 ejiciuntur
619 3291 629 3362 ;
655 3267 887 3362 nequeenim
903 3266 1037 3349 viuere:

159 3368 235 3456 „ris
254 3367 413 3474 poliunt,
447 3391 534 3444 cum
549 3367 680 3442 domus
698 3365 767 3439 Dei
790 3388 866 3443 una
880 3364 943 3457 sit,
975 3367 1037 3461 &i

159 3465 275 3559 „mini
292 3463 386 3543 salus
407 3466 475 3543 esse
499 3464 564 3545 nisi
582 3466 621 3544 in
638 3462 795 3543 Ecclesia
815 3462 929 3565 polsit.

990 3763 1037 3841 Ei
