2430 4366
242 170 299 269 68
429 88 432 95 Ι
500 188 502 193 ’
579 88 825 281 &cypriani

121 377 124 382 ’
237 351 383 449 scopum
405 348 553 438 deceat,
585 364 758 448 concepta
777 374 824 425 ea
849 347 895 427 de
919 349 1043 440 cansa,
1058 346 1170 449 'quod
1189 396 1197 417 ·.

238 450 287 525 ad
301 450 569 538 similimum,
590 449 628 527 dt
643 451 736 524 ahos
751 448 945 547 Episcopos
960 450 998 527 S.
1016 450 1169 547 Stepha-
1200 456 1209 503 ·³

238 572 309 623 nus
329 548 437 623 aliam
455 571 596 646 quoque
617 549 800 649 epistolam
820 547 1021 663 scripserat,
1046 548 1084 623 se
1097 548 1170 623 illis
1189 551 1205 669 ⁵

73 726 76 731 .
129 669 142 683 '·
238 672 313 723 non
336 650 708 736 communicaturum,
740 648 911 744 quamdiu
933 649 971 723 in
996 645 1171 725 sententia
1199 692 1203 703 ·

236 748 284 822 de
306 747 569 844 rebaptizandis
590 746 770 823 haereticis
795 745 1024 844 persisterent.
1077 746 1170 825 Cum
1198 754 1207 803 ῑ

237 846 387 944 proinde
402 848 440 920 in
455 847 585 921 eodem
600 869 719 921 errore
734 870 817 921 cum
835 845 875 922 S.
892 847 1079 944 Cypriano
1095 844 1170 921 Fir·
1199 858 1206 903 '-

175 1000 185 1021 ,ι
237 944 408 1020 milianus
427 945 587 1023 versatus
604 946 735 1032 fuerit,
767 945 908 1023 nullum
930 945 1170 1045 patrocinium
1205 960 1209 967 '

119 1116 123 1153 Ι
169 1056 182 1083 ⁸
234 1042 408 1119 Ecclesiae
427 1044 604 1120 Romanae
621 1042 738 1118 hostes
755 1067 803 1118 ex
823 1044 894 1120 hac
910 1043 1170 1144 eputolaqoae·

238 1164 318 1220 rere
337 1149 403 1242 pro
428 1141 499 1221 suis
520 1145 701 1221 erroribus
720 1143 872 1241 possunt„
1153 1172 1157 1179 ·
1203 1160 1210 1207 '-

312 1339 426 1436 Igitur
443 1338 673 1417 Firmilianus
695 1340 769 1438 post
787 1339 966 1438 prolixam
986 1334 1170 1436 pacissdt
1202 1360 1209 1406 ε

241 1440 385 1515 unionis
407 1440 501 1514 inter
521 1439 716 1537 Episcopos
736 1439 1110 1527 commendationem,
1133 1434 1171 1515 dt
1199 1460 1209 1507 i

242 1539 410 1614 acerbam
433 1537 471 1614 S.
488 1537 666 1635 Stephani
686 1538 727 1616 P.
752 1540 936 1615 censuram
960 1539 1014 1614 ita
1037 1536 1173 1635 pergite
1201 1559 1209 1605 ε

227 1638 321 1726 „Et
342 1650 518 1734 quantum
541 1636 686 1733 quidem
710 1638 758 1714 ad
782 1638 822 1714 id
843 1638 1044 1734 pertineat,
1075 1634 1171 1731 quod
1194 1658 1207 1707 t

173 1722 180 1753 ¹
241 1736 476 1833 „Stephanus
491 1735 606 1826 dixit,
638 1736 735 1833 quasa
752 1734 914 1835 Apostoli
932 1757 1016 1822 eos,
1050 1734 1113 1829 qui
1127 1736 1171 1811 ab

238 1833 391 1925 „haeresi
420 1835 587 1920 veniant,
626 1837 801 1933 baptizari
820 1833 1101 1934 prohibuerint,
1135 1832 1171 1911 dt

177 2008 181 2015 .
238 1934 336 2023 „hoc
362 1931 631 2009 custodiendum
656 1935 803 2032 posteris
828 1930 1068 2022 tradiderint,
1098 1930 1201 2031 ple-i

239 2029 403 2123 ,milhma
433 2054 500 2107 vos
527 2031 764 2129 respondistis.
822 2034 898 2111 Eos
928 2047 1076 2121 autem,
1109 2030 1209 2129 quid

237 2132 395 2221 „Rornae
415 2130 517 2218 sunt,
550 2156 624 2207 non
647 2155 691 2208 ea
714 2130 754 2209 in
777 2134 945 2210 omnibus
963 2130 1169 2221 observate,
1189 2143 1209 2215 il

116 2242 122 2269 ¹
238 2252 348 2404 „puae
372 2228 440 2306 sint
458 2232 503 2306 ab
523 2230 661 2344 origine
679 2231 832 2320 tradita,
866 2231 903 2307 dr
922 2230 1052 2347 frustra
1073 2228 1168 2345 App·
1189 2243 1209 2316 ,21

238 2380 265 2421 „
294 2329 436 2405 oloruni
451 2328 699 2407 autiontatem
715 2331 958 2428 praetendere,
986 2329 1078 2407 scire
1094 2350 1168 2427 qiua
1192 2344 1209 2415 n

237 2429 375 2516 „etiam
400 2428 485 2504 inde
510 2426 643 2526 potest,
679 2431 777 2526 quod
808 2431 904 2504 circa
935 2428 1209 2517 celebrandurn

149 2568 155 2575 -
224 2526 344 2618 „dies
365 2526 532 2616 Paschae,
566 2526 718 2604 &circa
739 2528 857 2604 multa
875 2528 948 2604 alia
967 2528 1106 2607 divinae
1120 2526 1165 2605 rel
1187 2546 1209 2617 n

238 2625 502 2717 „Sacramenta
517 2626 639 2703 videat
655 2627 723 2703 else
740 2627 837 2728 apud
855 2626 940 2702 illos
960 2627 1104 2723 aliquas
1119 2626 1166 2703 di·
1189 2668 1201 2717 ς

238 2723 470 2816 „venitatem
504 2749 571 2801 nec
592 2723 769 2803 observari
792 2726 855 2801 illa
877 2727 1001 2802 omnia
1019 2724 1166 2823 aequali·
1190 2766 1209 2817 1

229 2840 341 2914 .‚‚ter,
367 2845 449 2921 quae
463 2824 726 2921 Hierosolymis
744 2824 985 2902 observantur.
1034 2824 1209 2917 Setun-45,

238 2925 354 3010 „dum
375 2923 473 3019 quod
494 2925 533 2999 in
551 2925 694 2999 caeteris
714 2944 857 3022 quoque
877 2923 1073 3022 provinciis
1094 2924 1176 3023 plu·
1188 2966 1203 3015 :i

238 3022 368 3111 „rimis
389 3021 507 3097 multa
526 3044 591 3121 pro
620 3021 805 3113 locorum,
843 3021 1093 3100 &nominum
1118 3022 1209 3111 div„

240 3120 434 3209 „versitate
458 3124 664 3207 variantur,
696 3138 770 3198 nec·
788 3136 914 3201 tamen
933 3136 1080 3219 propter
1103 3122 1209 3215 hoc-'2

81 3272 97 3287 .,
242 3220 316 3308 „ab
344 3217 513 3296 Ecclesiae
542 3219 732 3297 catholicae
759 3244 871 3319 pace,
901 3234 1010 3318 atque
1034 3223 1169 3297 unitate
1191 3266 1209 3315 ς

244 3316 464 3414 ,aliquando
481 3318 663 3394 discessum
687 3320 756 3414 est;
785 3320 885 3418 quod
905 3344 1001 3403 nunc
1019 3319 1209 3418 stepha-i=

143 3472 153 3493 ι
245 3439 341 3504 „ssus
364 3415 473 3505 ausus
495 3417 544 3491 est
564 3416 705 3508 facere,
735 3440 908 3517 rumpens
922 3417 1091 3495 adversus
1108 3438 1171 3497 vor
1185 3456 1209 3465 -

104 3575 108 3581 .
246 3538 418 3621 „pacem,
434 3538 546 3613 quam
560 3515 698 3613 semper
710 3517 945 3593 antecessores
959 3517 1042 3616 ejus
1054 3518 1170 3595 vobis·

132 3636 136 3643 ·
162 3634 167 3641 ⁴
244 3638 356 3705 „carn
375 3636 524 3713 amore,
553 3613 592 3693 da
612 3617 748 3727 honore
762 3618 895 3712 'mutuo
915 3616 1168 3791 custodierunp,

1081 3740 1130 3809 ara
1151 3752 1167 3777 ⁸
