2430 4366
240 222 298 316 84
453 132 457 137 ²
588 196 835 319 sepum

238 386 466 480 ‚,honorem‚
494 385 553 461 sed
571 387 684 463 solum
701 398 871 484 appetere
887 376 1203 479 sermonemDeiss

236 488 365 577 „bona
389 489 426 560 in
447 498 624 561 aeternum
648 484 812 561 mansura
834 484 1043 581 completli,
1073 480 1205 559 aut-fi*

244 589 431 676 „incarne
447 583 755 681 sit-gloriandum,
781 597 868 659 tunc
884 584 1009 680 plane,
1036 578 1205 681 quandofi

242 685 308 775 „in
324 683 480 759 nominis
496 683 709 760 confellrone
725 684 921 779 gloriatur,
944 682 1093 778 qnando
1111 680 1205 759 foc-³

245 785 345 873 „tior
383 782 533 858 foemina
564 785 651 859 viris
689 782 940 880 torquentibus
974 782 1205 869 invenitur,-

247 882 419 977 „quando
443 883 566 976 ignes,
600 898 666 959 aut
683 905 828 968 cruces,
860 878 1105 969 autfertum,
1130 878 1205 955 vel*

175 1022 183 1045 x
247 980 402 1071 „bestias
421 984 575 1076 patitur,
601 998 644 1057 ut
663 994 864 1057 coronetur.
916 979 982 1054 llla
1003 979 1089 1057 lunt
1110 988 1205 1053 cns-1

64 1390 193 1469 Divitis

247 1081 332 1171 „nis
336 1081 501 1256 lpretiolo
518 1081 689 1172 monilia,
712 1078 776 1156 illa
791 1078 1205 1177 corporisomament'ar

248 1202 335 1270 „me
363 1200 437 1255 ora.
806 1220 809 1225 .
1194 1192 1205 1235 2

321 1402 357 1475 4.
386 1375 486 1466 „Sed
504 1370 584 1451 sunt
603 1374 735 1472 aliquae
752 1374 907 1464 divites,
929 1395 1014 1471 quae
1033 1312 1205 1453 lebonisrl

57 1486 166 1570 soper-
250 1474 348 1567 „suis
370 1478 425 1551 uti
449 1476 581 1551 debere
604 1476 836 1551 contendant.
891 1474 1020 1551 Sciant
1049 1472 1205 1569 primast*

59 1556 234 1717 {2²⁴⁹le
249 1576 377 1667 „illam
396 1576 545 1651 divitem
565 1575 652 1663 elle,
677 1596 760 1672 quae
776 1575 815 1649 in
829 1574 910 1649 Deo
928 1574 1034 1648 dives
1050 1570 1120 1645 est:
1142 1560 1205 1645 illl

64 1732 216 1819 excusant.
241 1760 244 1765 ·

88 1840 122 1903 p.
130 1834 202 1901 229.

250 1675 350 1766 „lam
367 1675 434 1749 elle
446 1674 686 1771 locupletem,
710 1695 793 1770 quae
809 1672 974 1770 locuples
989 1672 1030 1746 in
1048 1659 1205 1745 Cluillol

249 1775 346 1863 „esta
378 1775 473 1849 bona
490 1773 554 1847 illa
572 1773 661 1862 elle,
686 1794 769 1869 quae
790 1771 871 1848 sunt
890 1769 1112 1869 spiritualia,
1134 1768 1205 1845 dil

246 1876 381 1964 „vina,
413 1872 589 1961 coelestia,
621 1894 704 1968 quae
727 1895 796 1947 nos
821 1874 869 1947 ad
888 1871 1008 1945 Deum
1030 1870 1205 1959 dumis?

248 1994 359 2069 „quae
375 1972 565 2047 nobiscum
581 1973 677 2069 apud
691 1971 810 2046 Deum
827 1982 1000 2068 perpetua
1014 1964 1176 2067 pomulo-
1195 1986 1205 2035 t

142 2086 150 2107 ‘
246 2096 321 2162 „ne
334 2082 587 2169 permaneant:
614 2084 788 2147 caeterum
802 2078 1205 2165 quaecunqueterrensr

245 2172 357 2262 „sunt
381 2171 420 2245 in
444 2169 575 2245 saeculo
599 2182 768 2265 accepta,
797 2167 836 2245 &
861 2168 921 2243 hic
941 2190 1030 2243 cum
1045 2164 1205 2243 -soecnlor

245 2266 505 2361 „remansura,
543 2282 621 2343 tam
659 2269 844 2343 contemni
879 2268 1033 2352 debent,
1077 2266 1205 2363 quami

247 2368 434 2460 „mundus
449 2366 522 2465 ipse
541 2368 804 2455 contemnitur,
833 2363 936 2463 cujus
958 2364 1127 2464 pompis,
1148 2362 1205 2441 &r

246 2468 412 2558 „delitiis
426 2466 503 2565 jam
520 2479 608 2543 tunc
625 2465 933 2553 renuntiavimus,
957 2488 1044 2541 cum
1058 2460 1203 2541 melio-r

152 2638 155 2645 .
247 2589 315 2657 „re
339 2566 557 2662 transgreffu
581 2565 630 2640 ad
655 2565 773 2640 Deum
799 2565 978 2641 venimus.
1035 2562 1205 2639 AEtem,

133 2666 136 2673 ’
247 2665 406 2761 „ium
431 2666 470 2741 u
485 2664 606 2739 arvina
623 2662 784 2739 semna
801 2665 901 2751 sunt,
936 2663 973 2739 n
995 2664 1122 2737 omnia
1140 2662 1205 2739 a„

246 2765 345 2855 „Dei
367 2763 555 2840 voluntate
571 2763 739 2838 facienda
759 2762 859 2850 sunt,
891 2775 934 2837 ut
951 2761 1104 2837 Domini
1122 2784 1184 2843 nn-‚

246 2863 333 2951 „liri
356 2862 522 2958 vestigia,
556 2861 595 2939 &
619 2860 820 2957 magisteria
845 2861 967 2936 divina
992 2860 1205 2947 lestemuur

246 2963 338 3058 „qui
358 2964 519 3048 monuit,
548 2961 586 3037 δι
608 2960 718 3035 dixit:
757 2960 839 3035 Non
859 2959 1005 3059 descendi
1025 2961 1069 3033 de
1087 2958 1205 3047 celui:

245 3074 310 3153 „ul
318 3062 448 3156 fizciom
463 3061 660 3137 voluntatem
676 3084 798 3148 meam,
815 3058 878 3157 sed
894 3060 1093 3135 voluntatem
1105 3062 1187 3156 ejus,
1201 3090 1205 3113 =

242 3163 326 3256 „qui
349 3187 397 3235 mc
418 3162 512 3259 mifit.
550 3156 649 3261 Joon.
664 3163 698 3233 o.
751 3158 988 3253 Locupletem
1009 3169 1049 3232 te
1072 3156 1185 3245 dicis,

241 3259 308 3350 „lic
326 3258 502 3344 divitem,
527 3223 587 3333 sled
604 3257 742 3337 divitiis
762 3257 835 3332 tuis
852 3256 989 3333 Paulus
1008 3256 1186 3345 occurrit,

240 3358 307 3447 „lic
323 3359 370 3431 ad
387 3357 548 3444 cultum,
575 3368 685 3453 atque
701 3369 869 3431 omatum
886 3371 990 3431 tuum
1004 3353 1100 3452 julio
1114 3352 1187 3433 fine

240 3457 530 3546 „moderandum
549 3453 609 3530 lua
630 3478 720 3531 voce
743 3453 948 3551 praescribit.
1000 3454 1106 3542 Sint,
1132 3454 1205 3543 in·¹

236 3554 363 3651 „quit,
389 3554 561 3629 mulieres
578 3577 662 3629 cum
684 3554 922 3643 verecundia,
946 3550 984 3627 &
1009 3552 1184 3648 pudicitia

235 3668 523 3754 „componentes
537 3652 594 3745 se,
627 3676 702 3728 non
721 3652 761 3735 in
778 3653 885 3730 tortis
907 3652 1087 3742 crinibus,
1121 3672 1204 3741 ne-⁸

1083 3772 1183 3851 „que
